3328 5250
830 535 849 600 7

283 741 318 804 to
336 734 383 803 Κ.
402 757 468 804 von
487 735 575 822 «Ιοιι,ι
593 735 754 823 Archytas
774 734 831 804 did
851 742 908 803 not
930 734 1084 806 attribute
1105 732 1209 802 nound
1228 740 1263 800 to
1283 753 1394 804 move·

284 845 373 908 ment
390 837 430 904 of
446 838 501 906 the
519 839 578 926 air,
599 837 658 904 but
675 837 753 925 only
772 836 927 926 regarded
946 836 1001 904 the
1021 836 1137 906 visible
1160 841 1343 902 movemont
1360 833 1399 903 of

283 938 339 1006 tho
349 940 511 1028 sounding
525 941 726 1024 insuument,
738 949 773 1008 to
787 939 926 1028 produoo
937 938 1042 1008 which
1054 961 1074 1006 a
1084 938 1171 1006 blow
1181 937 1210 1005 is
1221 959 1394 1023 necessary.

328 1041 400 1108 The
415 1043 512 1109 views
526 1041 567 1110 of
583 1042 742 1110 Aristotle
760 1065 820 1110 σου
839 1041 909 1109 best
927 1041 969 1108 be
987 1063 1059 1108 seon
1077 1041 1161 1109 from
1177 1039 1233 1106 the
1250 1061 1396 1127 passages

284 1142 437 1210 oollooted
459 1144 503 1230 by
521 1167 586 1214 von
608 1143 698 1212 Jun.²
740 1144 897 1212 Aristotle
913 1153 968 1212 too
985 1143 1056 1231 lays
1074 1151 1171 1210 strena
1192 1165 1234 1210 on
1256 1141 1312 1208 tho
1334 1141 1397 1208 im-

285 1254 437 1334 portanoe
454 1245 494 1312 of
509 1269 529 1313 ο
549 1246 635 1314 blow
655 1247 708 1330 (θα
729 1247 849 1330 antima,
870 1265 901 1312 11
923 1251 955 1332 8,
974 1248 1010 1312 2:
1034 1244 1151 1330 πληγὴ
1171 1243 1237 1330 γάρ
1260 1245 1353 1310 ἐστιν
1375 1243 1396 1326 ἡ

285 1348 456 1436 ποιοῦσα),
472 1348 532 1416 but
549 1348 605 1416 tho
621 1357 695 1437 part
709 1348 827 1437 playod
841 1349 886 1436 by
900 1349 957 1416 tho
971 1349 1020 1416 uir
1034 1348 1061 1414 is
1075 1346 1217 1435 brought
1232 1353 1289 1413 out
1304 1345 1396 1434 (uid.

286 1451 327 1516 3:
351 1448 401 1516 δεῖ
417 1454 561 1537 στερεῶν
575 1451 712 1537 πληγὴν
726 1451 884 1538 γενέσθαι
902 1448 986 1539 πρός
1001 1451 1143 1532 ἄλληλα
1161 1448 1218 1516 καὶ
1237 1445 1321 1536 πρὸς
1339 1445 1398 1516 τόν

286 1550 393 1638 ἀέρα),
408 1551 473 1618 und
488 1553 592 1620 sound
607 1554 635 1620 is
649 1552 796 1620 doolared
810 1561 845 1622 to
860 1553 900 1620 bo
914 1575 956 1620 an
970 1551 1077 1620 notunl
1093 1558 1276 1618 movement
1290 1550 1330 1616 of
1342 1549 1398 1620 the

287 1653 336 1720 air
348 1652 438 1741 (ibid.
452 1658 488 1722 9:
507 1655 603 1741 ἀέρος
615 1655 745 1736 κίνησίς
760 1654 810 1728 τίς
826 1658 919 1723 ἐστιν
936 1652 952 1722 ὁ
967 1651 1121 1742 ψόφος).8
1157 1653 1228 1720 The
1240 1659 1352 1720 nature
1363 1650 1404 1721 of

286 1754 341 1824 the
355 1765 538 1824 movement
551 1757 581 1824 is
594 1756 706 1824 shown
721 1758 755 1823 in
770 1759 826 1824 the
841 1755 946 1825 words
957 1755 1048 1844 (utu.
1065 1755 1109 1843 6),
1126 1755 1206 1822 ὅταν
1222 1753 1256 1820 δὲ
1271 1752 1303 1842 (ὁ
1319 1752 1398 1842 ἀὴρ)

289 1858 425 1943 κωλυθῇ
443 1857 662 1946 θρύπτεσθαι,
681 1861 702 1942 ἡ
721 1859 841 1928 τούτου
860 1859 990 1942 κίνησις
1007 1854 1135 1946 ψόφος,
1152 1855 1218 1924 und
1236 1855 1258 1944 (
1272 1857 1285 1942 )
1300 1861 1399 1924 τοῦτο

289 1957 324 2025 δὲ
349 1959 487 2044 γίνεται,
514 1960 595 2028 ὅταν
619 1960 765 2048 ὑπομένῃ
790 1961 934 2047 πληγεὶς
958 1958 975 2028 ὁ
1000 1959 1064 2047 ἀὴρ
1090 1959 1147 2026 καὶ
1172 1959 1219 2044 μὴ
1245 1957 1400 2047 διαχυθῇ.

288 2060 371 2128 This
390 2062 558 2129 definition
575 2085 743 2151 rooppours
760 2065 795 2128 in
817 2063 931 2132 Theou
946 2062 987 2130 of
1003 2062 1154 2148 Smyrna,
1174 2062 1212 2126 de
1228 2061 1359 2143 ιιιιιοίοο,
1378 2061 1398 2126 6

289 2162 335 2250 (p.
349 2167 392 2230 50
404 2163 537 2253 Hiller),
550 2165 585 2230 in
595 2188 616 2232 a
625 2166 792 2254 quotation
805 2165 890 2232 from
901 2164 1078 2232 Adrastus:
1097 2163 1183 2250 φησὶ
1199 2162 1234 2230 δὲ
1251 2162 1309 2230 καὶ
1324 2160 1401 2234 τοὺς

289 2265 544 2353 Πυθαγορικούς
562 2266 640 2355 περὶ
659 2267 770 2334 αὐτῶν
788 2267 875 2334 οὕτω
893 2270 1116 2356 τεχνολογείν·
1137 2264 1211 2332 ἐπεὶ
1225 2263 1327 2350 μέλος
1342 2262 1402 2349 μὲν

289 2370 359 2434 πᾶν
374 2367 432 2434 καὶ
447 2373 514 2440 πάς
529 2365 677 2456 φθόγγος
693 2368 786 2456 φωνή
798 2369 849 2442 τίς
864 2371 967 2444 ἔστιν,
983 2368 1104 2436 ἀποσο
1119 2365 1154 2434 δὲ
1170 2365 1263 2449 φωνὴ
1274 2361 1402 2453 ψόφος,

288 2465 405 2556 ψόφος
420 2468 455 2535 δὲ
471 2471 595 2555 πλῆξις
610 2470 706 2558 ἀέρος
722 2469 953 2555 κεκωλυμένου
965 2467 1175 2557 θρύπτεσθαι
1186 2465 1319 2556 (quoted
1333 2465 1402 2533 also

290 2568 335 2656 by
350 2569 544 2656 Bryennius,
559 2595 591 2659 p.
608 2574 673 2639 394
682 2570 825 2659 Wallis),
840 2571 905 2637 and
919 2571 953 2636 in
968 2571 1003 2638 N
1004 2570 1194 2654 inomachus,
1210 2568 1404 2635 harmonion

290 2674 446 2757 munau,
462 2675 494 2757 4,
509 2697 541 2760 p.
559 2675 579 2739 7
594 2673 718 2741 Mein:
742 2669 892 2740 καθόλου
905 2674 971 2761 γάρ
987 2678 1096 2760 φαμεν
1110 2669 1228 2760 ψόφον
1242 2670 1303 2756 μὲν
1318 2668 1403 2736 εἶναι

290 2777 418 2859 πλῆξιν
433 2775 529 2862 ἀέρος
544 2774 715 2862 ἄθρυπτον
730 2776 780 2865 (or
795 2774 982 2863 ἀθρύπτου)
997 2773 1099 2864 μέχρι
1114 2775 1229 2857 ἀκοῆς.

335 2877 371 2942 Α
385 2876 484 2943 fuller
497 2877 702 2965 explanation
716 2879 755 2944 of
772 2877 828 2944 the
843 2877 1067 2964 phenomonon
1081 2875 1122 2942 of
1138 2874 1242 2942 sound
1259 2873 1288 2942 is
1304 2874 1403 2962 given

292 2979 327 3046 in
342 2978 397 3044 the
412 2987 493 3046 tract
507 2980 545 3044 de
558 2979 761 3064 audibilibus,
776 2978 951 3046 attributed
965 2986 1000 3046 to
1014 2975 1195 3044 Aristone!

336 3081 505 3165 Aristotlo,
520 3081 559 3146 de
575 3081 695 3167 audit,
711 3105 743 3169 p.
759 3085 825 3148 800
839 3103 869 3166 a,
885 3079 1036 3147 Bekker:
1058 3077 1119 3152 τὰς
1138 3077 1173 3146 δὲ
1188 3077 1301 3165 φωνὰς
1315 3077 1403 3145 ἀπύ-

293 3209 357 3255 σας
372 3182 553 3268 συμβαίνει
570 3183 745 3269 γίγνεσθαι
764 3183 822 3250 καὶ
840 3181 917 3256 τοὺς
931 3177 1069 3272 ψόφους
1084 3181 1106 3265 ἢ
1121 3183 1189 3248 τῶν
1204 3177 1405 3266 σωμάτωνῆ

293 3289 353 3352 τοῦ
372 3283 468 3370 ἀέρος
488 3282 572 3371 πρὸς
592 3283 635 3351 τό
656 3284 798 3370 σώματα
816 3283 1100 3370 προσπίπτοντος,
1121 3283 1159 3350 ού
1178 3285 1226 3371 τῷ
1246 3279 1304 3348 τόν
1322 3279 1406 3368 ἀέρα

294 3387 573 3474 σχηματίζεσθαι,
587 3386 739 3475 καθάπερ
752 3385 880 3454 οἴονταί
889 3411 985 3462 τινες,
997 3383 1091 3452 ἀλλὰ
1104 3387 1152 3474 τῷ
1164 3384 1329 3452 κινεῖσθαι
1340 3410 1405 3450 πο-

292 3488 491 3574 ραπλησίως
507 3485 608 3555 αὐτόν
624 3483 895 3574 συστελλόμενον
911 3487 968 3554 καὶ
984 3484 1208 3572 ἐκτεινόμενον
1227 3485 1284 3552 καὶ
1303 3511 1406 3552 κατα-

292 3587 560 3676 λαμβανόμενον,
573 3591 624 3658 έτι
639 3589 674 3656 δὲ
690 3589 921 3678 συγκρούοντα
936 3588 991 3656 διὰ
1003 3587 1063 3662 τὰς
1074 3594 1134 3658 τοῦ
1148 3587 1336 3673 πνεύματος
1348 3585 1406 3654 καὶ

295 3694 362 3757 τῶν
379 3690 511 3779 χορδῶν
529 3691 725 3778 γιγνομένας
742 3691 889 3776 πληγάς.
929 3688 1092 3778 ὅτανγὰρ
1111 3687 1169 3756 τὸν
1188 3691 1307 3776 ἐφεξῆς
1325 3687 1409 3776 ἀέρα

295 3791 412 3878 πλήξῃ
430 3790 469 3859 τὸ
484 3799 615 3878 πνεῦμα
632 3791 670 3859 τὸ
687 3794 853 3878 ἐμπῖπτον
868 3793 969 3881 αὐτῷ,
986 3789 1003 3858 ὁ
1022 3791 1086 3879 ἀὴρ
1101 3790 1165 3874 ἤδη
1181 3789 1318 3878 φέρεται
1331 3789 1406 3879 βία,

329 4013 384 4068 ιΚ.
394 4031 448 4070 von
458 4015 521 4082 Jan‚
534 4033 573 4084 op.
584 4016 632 4082 eit,
643 4032 669 4083 p.
682 4016 741 4070 135.
773 4015 831 4081 ste,
843 4015 974 4082 however,
986 4031 1014 4082 p.
1025 4013 1067 4081 4³,
1079 4013 1098 4067 L
1109 4015 1151 4068 2².

330 4095 386 4151 ¹11.
396 4113 449 4150 von
460 4096 481 4150 J
481 4114 523 4166 nn,
534 4114 574 4166 op.
585 4098 633 4164 ott,
644 4113 671 4166 p.
683 4098 708 4164 3,
719 4113 758 4165 sq.

329 4176 475 4246 ⁸Compulit
490 4179 537 4231 the
551 4177 683 4246 Ρτοόίειπι,
699 4192 741 4231 11.
755 4177 796 4243 14,
811 4179 828 4240 ἡ
846 4175 874 4228 ii
892 4183 961 4244 φανὴ
979 4176 1076 4239 κίνησίς
1094 4179 1160 4240 ἔστι,
1176 4173 1230 4228 and
1246 4176 1288 4242 35,
1304 4177 1321 4238 ἦ
1339 4176 1408 4242 puni

296 4261 368 4310 ἐστιν
379 4258 450 4326 ἀέρος
462 4259 571 4322 κίνησις.

331 4338 384 4393 ⁴11.
395 4357 448 4394 von
459 4340 479 4394 J
479 4357 514 4393 un
526 4339 618 4394 claim!
629 4339 652 4394 it
663 4340 704 4394 sor
715 4338 874 4394 Heraclides
884 4338 1011 4393 Ponticus
1023 4337 1105 4404 (Μυο.
1117 4337 1170 4392 Sor.
1183 4337 1237 4406 Gr,
1248 4354 1275 4407 p.
1287 4337 1341 4406 51).
