3328 5250
812 511 832 575 8

267 707 326 778 τόν
343 707 501 800 ἐχόμενον
519 711 622 778 αὑτοῦ
639 709 801 797 προωθῶν
816 708 944 794 ὁμοίως,
961 708 1050 775 ὥστε
1062 709 1174 794 πάντῃ
1192 707 1252 790 τὴν
1268 707 1380 794 φωνὴν

268 810 441 880 διατείνειν
461 812 521 895 τὴν
539 811 653 896 αὐτήν,
672 810 724 898 ἐφ’
742 811 823 878 ὅσον
843 811 1023 896 συμβαίνει
1045 809 1220 896 ιγύηνεσθαι
1241 809 1298 876 καὶ
1319 811 1380 878 τοῦ

267 913 364 1001 ἀέρος
378 914 439 997 τὴν
455 914 596 996 κίνησιν.

311 1015 383 1081 The
399 1015 461 1082 laet
478 1023 621 1082 sentence
637 1037 736 1082 seems
754 1023 788 1082 to
806 1013 912 1101 imply
929 1036 970 1080 an
989 1013 1095 1080 aotnrss
1115 1013 1327 1079 transferenoe
1344 1011 1384 1078 of

267 1117 324 1185 the
345 1119 395 1184 eir
416 1118 511 1184 itself.
556 1117 600 1185 So
621 1117 663 1183 do
685 1117 740 1183 the
762 1116 867 1185 words
886 1117 932 1203 (p.
952 1119 1088 1200 801ε,ιι
1109 1114 1252 1203 Bekher)
1273 1112 1291 1181 ὁ
1311 1113 1377 1200 pop

268 1211 387 1292 ἀσθεὶς
403 1217 468 1286 ὑπὸ
483 1225 542 1302 τῆς
556 1224 691 1304 πληιγῆς
706 1217 770 1306 ἀῆρ
784 1218 886 1308 μέχρι
900 1217 961 1303 μέν
971 1244 1059 1290 τινος
1071 1217 1207 1304 φέρεται
1222 1214 1378 1305 συνεχής.

267 1321 425 1408 Compare
436 1329 489 1388 too
504 1323 539 1386 in
553 1321 609 1387 the
623 1321 832 1387 Aristotelian
845 1319 1015 1404 Ρτοόίκυιο,
1028 1338 1081 1385 11.
1095 1322 1114 1385 6
1127 1322 1172 1405 (p.
1186 1321 1226 1384 61
1241 1339 1274 1384 ν.
1286 1317 1308 1384 J
1310 1316 1377 1405 an),

268 1421 285 1490 ὁ
303 1423 367 1510 ἀὴρ
387 1420 404 1489 ὁ
424 1419 602 1512 φερόμενος
620 1427 711 1490 ποιεῖ
727 1420 784 1489 τὸν
802 1418 930 1510 ψόφον,
950 1420 994 1509 (p.
1011 1420 1067 1509 63)
1087 1418 1104 1487 ὁ
1124 1419 1159 1486 δὲ
1176 1416 1294 1508 ψόφος
1311 1419 1377 1506 ἀήρ

266 1526 359 1592 ε’στιν
380 1525 564 1611 ὠθούμενος
585 1522 649 1590 ὑπὸ
670 1523 775 1611 ἀέρος,
793 1522 857 1590 and
878 1541 960 1590 xlx.
980 1526 1022 1590 35
1041 1521 1086 1611 (p.
1104 1521 1160 1610 96)
1182 1524 1203 1605 ἡ
1227 1521 1262 1588 δὲ
1285 1517 1377 1608 φωνῆ

266 1626 288 1711 ἣ
311 1627 407 1713 ἀέρος
430 1627 451 1712 ῆ
475 1625 586 1693 ἄλλον
608 1624 696 1698 τινὸς
719 1626 817 1713 φορά.

309 1729 380 1794 The
394 1731 478 1795 view
492 1729 564 1795 that
578 1727 680 1794 sound
696 1727 724 1794 is
737 1750 757 1793 a
772 1728 945 1794 formation
960 1727 999 1793 of
1012 1726 1067 1794 the
1080 1727 1130 1792 air
1145 1725 1207 1814 (τῷ
1222 1722 1280 1792 τὸν
1294 1723 1379 1808 ἀέρα

265 1831 545 1919 σχηματίζεσθαι,
566 1829 718 1918 καθάπερ
740 1829 867 1896 οἴονταί
884 1828 983 1917 τινες)
996 1851 1131 1917 appear!
1149 1829 1183 1893 in
1201 1827 1256 1893 the
1274 1824 1378 1891 Prob-

266 1933 338 1996 lemo
352 1932 387 1996 in
402 1931 457 1997 the
472 1932 590 1998 sention
605 1930 683 2017 περὶ
699 1936 821 2018 φωνῆς.

310 2052 363 2100 XI.
377 2035 436 2100 23:
460 2032 515 2099 διδ
530 2033 573 2109 τί,
586 2033 679 2118 εἴπερ
694 2033 715 2114 ῆ
732 2031 825 2118 φωνή
838 2033 931 2100 ἐστιν
946 2032 1010 2119 ἀήρ
1026 2059 1076 2105 τις
1091 2025 1378 2120 ἐσχηματισμένος

267 2135 324 2202 καὶ
340 2131 527 2222 φερόμενος,
544 2133 718 2202 διαλύεται
736 2135 907 2206 πολλάκις
922 2132 960 2200 τό
979 2140 1109 2222 σχῆμα,
1124 2135 1145 2216 ἡ
1162 2133 1197 2199 δὲ
1214 2131 1288 2220 ἠχὼ
1308 2129 1377 2197 κτὲ.

310 2255 364 2303 x1.
378 2240 436 2304 51:
461 2235 516 2303 διὰ
531 2236 575 2312 τί,
592 2236 684 2322 εἴπερ
700 2237 720 2318 ἡ
734 2235 825 2322 φωνὴ
841 2235 907 2322 ἀήρ
922 2263 973 2308 τις
988 2233 1277 2324 ἐσχηματισμένος
1291 2230 1377 2305 ἐστί,

266 2339 430 2426 φερομένη
449 2337 622 2406 διαλύεται
637 2337 809 2409 πολλάκις
824 2335 862 2403 τὸ
879 2344 1008 2427 σχῆμα,
1024 2339 1045 2420 ἡ
1062 2336 1097 2403 δὲ
1112 2336 1195 2425 ἠχώ,
1212 2335 1234 2418 ῆ
1249 2333 1379 2420 ’γίνεται

266 2440 454 2525 πληγέντος
471 2446 531 2508 τοῦ
546 2438 698 2507 τοιούτου
716 2435 799 2528 πρός
818 2466 851 2506 τι
869 2435 1014 2526 στερεόν,
1030 2440 1069 2505 ού
1084 2437 1267 2512 διαλύεται,
1283 2431 1378 2501 ἀλλά

266 2546 386 2629 σαφῶς
401 2543 586 2628 ἀκούομεν,·

310 2644 382 2711 The
392 2644 577 2710 distinction
592 2643 734 2710 between
749 2643 893 2731 defining
907 2641 1010 2709 sound
1024 2665 1091 2710 asa
1105 2641 1190 2708 blow
1200 2663 1243 2707 on
1254 2639 1302 2705 air
1313 2637 1378 2703 and

266 2747 361 2813 asair
371 2746 472 2813 under
482 2746 537 2812 the
548 2746 704 2811 influenoe
714 2744 753 2811 of
758 2768 778 2811 e
789 2745 873 2811 blow
884 2744 1122 2811 seemetohave
1133 2743 1230 2830 given
1240 2739 1377 2807 trouble.

311 2849 471 2915 Aristides
497 2847 734 2931 Quintilianus,
756 2847 794 2912 de
815 2848 946 2931 ηυείοο,
968 2870 1000 2934 ρ.
1026 2847 1075 2932 7,ι
1103 2845 1224 2911 Mein:
1255 2843 1320 2924 ὕλη
1343 2840 1379 2908 δὲ

266 2957 432 3036 μουσικῆς
450 2950 542 3038 φωνὴ
562 2949 620 3017 καὶ
641 2949 770 3032 κίνησις
790 2949 954 3035 σώματος.
999 2948 1061 3031 τὴν
1081 2947 1116 3014 δὲ
1137 2946 1249 3033 φωνὴν
1269 2945 1303 3012 οἱ
1319 2943 1380 3029 μὲν

268 3051 352 3138 ἀέρα
366 3051 612 3138 πεπληγμένον,
629 3050 661 3118 οἱ
678 3050 724 3126 δέ,
740 3049 836 3138 ἀέρος
853 3051 990 3135 πληγὴν
1004 3050 1146 3136 ἔφασαν,
1163 3048 1196 3115 οἱ
1211 3046 1281 3132 μέν,
1297 3041 1379 3112 αὐτὸ

268 3151 307 3218 τὸ
330 3157 430 3238 σῶμα
451 3152 489 3219 τὸ
512 3152 678 3226 πεπονθὸς
699 3153 794 3242 ῆχον,
817 3151 849 3218 οἱ
871 3150 909 3227 δ’,
928 3151 1010 3240 ὅπερ
1033 3150 1176 3236 ἄμεινον,
1197 3147 1235 3216 τὸ
1258 3147 1379 3215 τούτου

269 3253 378 3326 πάθος
394 3252 595 3342 ὁρισάμενοι.

268 3391 270 3396 ·
313 3356 479 3438 Aristode,
491 3356 660 3440 Ρτοόίκυιι,
672 3375 725 3422 xr.
739 3357 801 3422 29:
826 3351 843 3421 ὁ
860 3353 895 3421 δὲ
910 3351 1026 3442 ψόφος
1042 3353 1105 3442 άῆρ
1121 3353 1143 3437 ῆ
1158 3351 1267 3424 πάθος
1281 3350 1379 3437 ἀέρος

272 3485 376 3525 εστιν.

313 3559 474 3645 Ptolemy,
493 3559 698 3645 Ηαιπιοτιίου,
718 3577 742 3625 Ι.
765 3559 798 3643 i.,
818 3581 851 3645 p.
874 3561 892 3623 l
914 3557 1051 3625 Wallis:
1081 3555 1198 3645 ψόφος
1217 3554 1252 3621 δὲ
1270 3553 1380 3626 πάθος

271 3687 459 3728 ακουστωυ.

315 3762 373 3829 See
387 3773 440 3830 too
455 3762 648 3848 Bryennius,
663 3781 688 3828 1.
703 3770 776 3828 sect.
793 3762 850 3845 iv.,
866 3782 899 3847 p.
915 3760 980 3828 377
993 3759 1119 3827 Wnllis.

315 3866 386 3930 The
401 3865 569 3952 following
583 3863 766 3930 definitione
780 3885 834 3929 are
847 3863 1053 3949 interesting:

315 3968 480 4050 Plutarch,
502 3967 684 4032 ooooivialen
705 3965 938 4052 ἀίκρυίαόὶοηιι,
953 3983 1035 4032 V111.
1054 3964 1113 4048 iii,
1132 3986 1164 4049 p.
1185 3965 1270 4030 975:
1301 3963 1322 4044 ἦ
1342 3959 1379 4026 δὲ

271 4069 364 4154 φωνὴ
382 4069 499 4154 πληγὴ
517 4067 671 4153 σώματος
689 4066 835 4156 διηχοῦς·
852 4065 965 4154 διηχὲς
984 4065 1019 4132 δὲ
1037 4064 1075 4131 τὸ
1094 4064 1269 4150 συμπαθὲς
1287 4065 1381 4152 αὐτῷ

273 4173 331 4239 καὶ
347 4172 505 4258 συμφυές,
517 4171 687 4252 εὐκίνητον
699 4169 733 4236 δὲ
746 4171 803 4236 καὶ
816 4176 940 4256 κοῦφον
953 4169 1010 4236 καὶ
1022 4167 1149 4254 ὁμαλὸν
1161 4169 1219 4236 καὶ
1231 4169 1382 4252 ὑπήκοον

272 4279 332 4342 τοῦ
348 4272 389 4339 δι’
401 4272 549 4339 εὐτονίαν
564 4271 621 4338 καὶ
636 4271 811 4360 συνέχειαν
826 4267 894 4343 οἷός
908 4272 983 4338 ἐστι
997 4269 1076 4358 παρ’
1087 4273 1165 4356 ἡμῖν
1181 4267 1198 4336 ὁ
1214 4270 1290 4357 ἀήρ.
