<?xml version="1.0" encoding="UTF-8"?>
<!DOCTYPE html PUBLIC "-//W3C//DTD XHTML 1.0 Transitional//EN"
    "http://www.w3.org/TR/xhtml1/DTD/xhtml1-transitional.dtd">
<html xmlns="http://www.w3.org/1999/xhtml" xml:lang="en" lang="en">
 <head>
  <title>
</title>
<meta http-equiv="Content-Type" content="text/html;charset=utf-8" />
  <meta name='ocr-system' content='tesseract 3.04.00' />
  <meta name='ocr-capabilities' content='ocr_page ocr_carea ocr_par ocr_line ocrx_word'/>
</head>
<body>
  <div class='ocr_page' id='page_1' title='image "./musicalpitchand01johngoog_0046.png"; bbox 0 0 3328 5250; ppageno 0'>
   <div class='ocr_carea' id='block_1_1' title="bbox 810 546 854 612">
    <p class='ocr_par' dir='ltr' id='par_1_1' title="bbox 810 546 854 612">
     <span class='ocr_line' id='line_1_1' title="bbox 810 546 854 612; baseline -0.023 0"><span class='ocrx_word' id='word_1_1' title='bbox 810 546 854 612; x_wconf 86' lang='grc'>32</span> 
     </span>
    </p>
   </div>
   <div class='ocr_carea' id='block_1_2' title="bbox 277 745 1387 4296">
    <p class='ocr_par' dir='ltr' id='par_1_2' title="bbox 278 745 1385 1038">
     <span class='ocr_line' id='line_1_2' title="bbox 322 745 1383 815; baseline -0.004 -1"><span class='ocrx_word' id='word_1_2' title='bbox 322 747 403 815; x_wconf 88' lang='lat' dir='ltr'>Two</span> <span class='ocrx_word' id='word_1_3' title='bbox 421 754 509 814; x_wconf 87' lang='lat' dir='ltr'>notes</span> <span class='ocrx_word' id='word_1_4' title='bbox 527 769 563 813; x_wconf 86' lang='lat' dir='ltr'>or</span> <span class='ocrx_word' id='word_1_5' title='bbox 580 747 714 813; x_wconf 87' lang='lat' dir='ltr'>musiosl</span> <span class='ocrx_word' id='word_1_6' title='bbox 735 745 853 815; x_wconf 89' lang='lat' dir='ltr'>sounds</span> <span class='ocrx_word' id='word_1_7' title='bbox 870 769 924 814; x_wconf 73' lang='lat' dir='ltr'>ere</span> <span class='ocrx_word' id='word_1_8' title='bbox 940 746 1010 814; x_wconf 77' lang='lat' dir='ltr'>said</span> <span class='ocrx_word' id='word_1_9' title='bbox 1030 753 1064 814; x_wconf 85' lang='lat' dir='ltr'>to</span> <span class='ocrx_word' id='word_1_10' title='bbox 1083 747 1166 814; x_wconf 87' lang='lat' dir='ltr'>form</span> <span class='ocrx_word' id='word_1_11' title='bbox 1184 769 1226 813; x_wconf 82' lang='lat' dir='ltr'>nn</span> <span class='ocrx_word' id='word_1_12' title='bbox 1245 745 1383 815; x_wconf 80' lang='lat' dir='ltr'>interval</span> 
     </span>
     <span class='ocr_line' id='line_1_3' title="bbox 280 848 1385 936; baseline -0.003 -20"><span class='ocrx_word' id='word_1_13' title='bbox 280 851 371 916; x_wconf 82' lang='lat' dir='ltr'>when</span> <span class='ocrx_word' id='word_1_14' title='bbox 390 849 466 935; x_wconf 82' lang='lat' dir='ltr'><strong>they</strong></span> <span class='ocrx_word' id='word_1_15' title='bbox 480 848 574 914; x_wconf 86' lang='lat' dir='ltr'>differ</span> <span class='ocrx_word' id='word_1_16' title='bbox 592 849 625 914; x_wconf 94' lang='lat' dir='ltr'>in</span> <span class='ocrx_word' id='word_1_17' title='bbox 641 849 749 936; x_wconf 83' lang='lat' dir='ltr'>pitoh3</span> <span class='ocrx_word' id='word_1_18' title='bbox 771 873 817 934; x_wconf 88' lang='lat' dir='ltr'>or,</span> <span class='ocrx_word' id='word_1_19' title='bbox 832 873 872 915; x_wconf 89' lang='lat' dir='ltr'>an</span> <span class='ocrx_word' id='word_1_20' title='bbox 892 849 1031 917; x_wconf 77' lang='lat' dir='ltr'>interval</span> <span class='ocrx_word' id='word_1_21' title='bbox 1049 850 1077 916; x_wconf 91' lang='lat' dir='ltr'>is</span> <span class='ocrx_word' id='word_1_22' title='bbox 1095 850 1151 916; x_wconf 86' lang='lat' dir='ltr'>the</span> <span class='ocrx_word' id='word_1_23' title='bbox 1164 849 1332 916; x_wconf 86' lang='lat' dir='ltr'>differenoe</span> <span class='ocrx_word' id='word_1_24' title='bbox 1346 871 1385 914; x_wconf 90' lang='lat' dir='ltr'>or</span> 
     </span>
     <span class='ocr_line' id='line_1_4' title="bbox 278 951 919 1038; baseline 0 -20"><span class='ocrx_word' id='word_1_25' title='bbox 278 954 420 1019; x_wconf 80' lang='lat' dir='ltr'>distanoe</span> <span class='ocrx_word' id='word_1_26' title='bbox 434 953 467 1017; x_wconf 93' lang='lat' dir='ltr'>in</span> <span class='ocrx_word' id='word_1_27' title='bbox 483 951 568 1038; x_wconf 87' lang='lat' dir='ltr'>pitoh</span> <span class='ocrx_word' id='word_1_28' title='bbox 584 951 724 1018; x_wconf 87' lang='lat' dir='ltr'>between</span> <span class='ocrx_word' id='word_1_29' title='bbox 741 961 806 1020; x_wconf 88' lang='lat' dir='ltr'>two</span> <span class='ocrx_word' id='word_1_30' title='bbox 820 960 919 1018; x_wconf 89' lang='lat' dir='ltr'>notes.</span> 
     </span>
    </p>

    <p class='ocr_par' dir='ltr' id='par_1_3' title="bbox 280 1052 1384 1242">
     <span class='ocr_line' id='line_1_5' title="bbox 323 1052 1384 1122; baseline 0 -4"><span class='ocrx_word' id='word_1_31' title='bbox 323 1053 393 1119; x_wconf 89' lang='lat' dir='ltr'>The</span> <span class='ocrx_word' id='word_1_32' title='bbox 410 1053 593 1119; x_wconf 79' lang='lat' dir='ltr'>definitione</span> <span class='ocrx_word' id='word_1_33' title='bbox 612 1052 652 1118; x_wconf 86' lang='lat' dir='ltr'>of</span> <span class='ocrx_word' id='word_1_34' title='bbox 668 1053 805 1122; x_wconf 80' lang='lat' dir='ltr'>interval</span> <span class='ocrx_word' id='word_1_35' title='bbox 827 1053 863 1118; x_wconf 93' lang='lat' dir='ltr'>in</span> <span class='ocrx_word' id='word_1_36' title='bbox 883 1053 938 1120; x_wconf 91' lang='lat' dir='ltr'>the</span> <span class='ocrx_word' id='word_1_37' title='bbox 959 1053 1067 1121; x_wconf 83' lang='lat' dir='ltr'>Greek</span> <span class='ocrx_word' id='word_1_38' title='bbox 1087 1053 1221 1120; x_wconf 88' lang='lat' dir='ltr'>musioel</span> <span class='ocrx_word' id='word_1_39' title='bbox 1243 1052 1384 1120; x_wconf 80' lang='lat' dir='ltr'>treutises</span> 
     </span>
     <span class='ocr_line' id='line_1_6' title="bbox 280 1154 635 1242; baseline -0.003 -20"><span class='ocrx_word' id='word_1_40' title='bbox 280 1156 347 1222; x_wconf 85' lang='lat' dir='ltr'>will</span> <span class='ocrx_word' id='word_1_41' title='bbox 366 1178 439 1222; x_wconf 86' lang='lat' dir='ltr'>now</span> <span class='ocrx_word' id='word_1_42' title='bbox 454 1155 493 1221; x_wconf 90' lang='lat' dir='ltr'>be</span> <span class='ocrx_word' id='word_1_43' title='bbox 506 1154 635 1242; x_wconf 86' lang='lat' dir='ltr'>quoted.</span> 
     </span>
    </p>

    <p class='ocr_par' dir='ltr' id='par_1_4' title="bbox 277 1255 1385 1854">
     <span class='ocr_line' id='line_1_7' title="bbox 322 1255 1384 1344; baseline -0.001 -20"><span class='ocrx_word' id='word_1_44' title='bbox 322 1258 546 1340; x_wconf 82' lang='lat' dir='ltr'>Aristoxenus,</span> <span class='ocrx_word' id='word_1_45' title='bbox 558 1257 688 1340; x_wconf 71' lang='lat' dir='ltr'>Herm,</span> <span class='ocrx_word' id='word_1_46' title='bbox 703 1275 727 1323; x_wconf 94' lang='lat'>1.</span> <span class='ocrx_word' id='word_1_47' title='bbox 744 1257 760 1335; x_wconf 68' lang='lat' dir='ltr'>i</span> <span class='ocrx_word' id='word_1_48' title='bbox 776 1259 830 1342; x_wconf 88' lang='grc'>37,</span> <span class='ocrx_word' id='word_1_49' title='bbox 846 1281 878 1344; x_wconf 92' lang='lat' dir='ltr'>p.</span> <span class='ocrx_word' id='word_1_50' title='bbox 892 1261 934 1324; x_wconf 79' lang='lat'>15</span> <span class='ocrx_word' id='word_1_51' title='bbox 945 1257 1064 1326; x_wconf 81' lang='lat' dir='ltr'>Meib.:</span> <span class='ocrx_word' id='word_1_52' title='bbox 1088 1257 1258 1344; x_wconf 73' lang='grc' dir='ltr'>διάσνημα</span> <span class='ocrx_word' id='word_1_53' title='bbox 1273 1255 1300 1323; x_wconf 88' lang='grc' dir='ltr'>δ’</span> <span class='ocrx_word' id='word_1_54' title='bbox 1310 1256 1384 1324; x_wconf 79' lang='grc' dir='ltr'>ἐστὶ</span> 
     </span>
     <span class='ocr_line' id='line_1_8' title="bbox 277 1354 1384 1448; baseline -0.002 -22"><span class='ocrx_word' id='word_1_55' title='bbox 277 1359 315 1427; x_wconf 85' lang='grc' dir='ltr'>τὸ</span> <span class='ocrx_word' id='word_1_56' title='bbox 332 1359 396 1426; x_wconf 83' lang='grc' dir='ltr'>ὑπὸ</span> <span class='ocrx_word' id='word_1_57' title='bbox 415 1359 473 1427; x_wconf 94' lang='grc' dir='ltr'>δύο</span> <span class='ocrx_word' id='word_1_58' title='bbox 491 1354 648 1444; x_wconf 94' lang='grc' dir='ltr'>φθόγγων</span> <span class='ocrx_word' id='word_1_59' title='bbox 664 1359 846 1445; x_wconf 83' lang='grc' dir='ltr'>ὡρισμένον</span> <span class='ocrx_word' id='word_1_60' title='bbox 859 1358 905 1444; x_wconf 80' lang='grc' dir='ltr'>μὴ</span> <span class='ocrx_word' id='word_1_61' title='bbox 921 1359 981 1443; x_wconf 78' lang='grc' dir='ltr'>τὴν</span> <span class='ocrx_word' id='word_1_62' title='bbox 995 1359 1099 1443; x_wconf 82' lang='grc' dir='ltr'>αὐτὴν</span> <span class='ocrx_word' id='word_1_63' title='bbox 1113 1359 1213 1426; x_wconf 83' lang='grc' dir='ltr'>τάσιν</span> <span class='ocrx_word' id='word_1_64' title='bbox 1227 1354 1384 1448; x_wconf 82' lang='grc' dir='ltr'>ἐχόντων.</span> 
     </span>
     <span class='ocr_line' id='line_1_9' title="bbox 278 1457 1384 1549; baseline -0.003 -21"><span class='ocrx_word' id='word_1_65' title='bbox 278 1463 431 1548; x_wconf 88' lang='grc' dir='ltr'>φαίνεται</span> <span class='ocrx_word' id='word_1_66' title='bbox 450 1459 526 1548; x_wconf 74' lang='grc' dir='ltr'>γάρ,</span> <span class='ocrx_word' id='word_1_67' title='bbox 546 1461 589 1533; x_wconf 82' lang='grc' dir='ltr'>ὡς</span> <span class='ocrx_word' id='word_1_68' title='bbox 609 1459 704 1546; x_wconf 87' lang='grc' dir='ltr'>τύπῳ</span> <span class='ocrx_word' id='word_1_69' title='bbox 725 1461 838 1536; x_wconf 84' lang='grc' dir='ltr'>εἰπεῖν,</span> <span class='ocrx_word' id='word_1_70' title='bbox 858 1460 1003 1549; x_wconf 90' lang='grc' dir='ltr'>διαφορά</span> <span class='ocrx_word' id='word_1_71' title='bbox 1022 1489 1072 1534; x_wconf 92' lang='grc' dir='ltr'>τις</span> <span class='ocrx_word' id='word_1_72' title='bbox 1093 1460 1177 1528; x_wconf 82' lang='grc' dir='ltr'>εἶναι</span> <span class='ocrx_word' id='word_1_73' title='bbox 1197 1460 1326 1528; x_wconf 73' lang='grc' dir='ltr'>τάσσων</span> <span class='ocrx_word' id='word_1_74' title='bbox 1345 1457 1384 1526; x_wconf 80' lang='grc' dir='ltr'>τό</span> 
     </span>
     <span class='ocr_line' id='line_1_10' title="bbox 277 1559 1383 1650; baseline -0.002 -20"><span class='ocrx_word' id='word_1_75' title='bbox 277 1564 446 1649; x_wconf 88' lang='grc' dir='ltr'>διάστημα</span> <span class='ocrx_word' id='word_1_76' title='bbox 458 1563 515 1629; x_wconf 85' lang='grc' dir='ltr'>καὶ</span> <span class='ocrx_word' id='word_1_77' title='bbox 526 1559 628 1634; x_wconf 90' lang='grc' dir='ltr'>τόπος</span> <span class='ocrx_word' id='word_1_78' title='bbox 640 1561 789 1635; x_wconf 77' lang='grc' dir='ltr'>δεκτικὸς</span> <span class='ocrx_word' id='word_1_79' title='bbox 800 1559 957 1649; x_wconf 93' lang='grc' dir='ltr'>φθόγγων</span> <span class='ocrx_word' id='word_1_80' title='bbox 968 1563 1130 1650; x_wconf 80' lang='grc' dir='ltr'>ὀξυτέρων</span> <span class='ocrx_word' id='word_1_81' title='bbox 1138 1563 1198 1648; x_wconf 75' lang='grc' dir='ltr'>μὲν</span> <span class='ocrx_word' id='word_1_82' title='bbox 1209 1569 1268 1647; x_wconf 86' lang='grc' dir='ltr'>τῆς</span> <span class='ocrx_word' id='word_1_83' title='bbox 1277 1565 1383 1648; x_wconf 90' lang='grc' dir='ltr'>βαρυ-</span> 
     </span>
     <span class='ocr_line' id='line_1_11' title="bbox 277 1662 1385 1753; baseline 0.004 -21"><span class='ocrx_word' id='word_1_84' title='bbox 277 1667 374 1751; x_wconf 80' lang='grc' dir='ltr'>τέρας</span> <span class='ocrx_word' id='word_1_85' title='bbox 389 1669 455 1732; x_wconf 85' lang='grc' dir='ltr'>τῶν</span> <span class='ocrx_word' id='word_1_86' title='bbox 474 1663 656 1752; x_wconf 82' lang='grc' dir='ltr'>ὁριζουσῶν</span> <span class='ocrx_word' id='word_1_87' title='bbox 670 1662 708 1730; x_wconf 84' lang='grc' dir='ltr'>τὸ</span> <span class='ocrx_word' id='word_1_88' title='bbox 727 1663 896 1751; x_wconf 82' lang='grc' dir='ltr'>διάστημα</span> <span class='ocrx_word' id='word_1_89' title='bbox 910 1665 1049 1741; x_wconf 86' lang='grc' dir='ltr'>τάσεων,</span> <span class='ocrx_word' id='word_1_90' title='bbox 1064 1665 1260 1753; x_wconf 82' lang='grc' dir='ltr'>βαρυτέρων</span> <span class='ocrx_word' id='word_1_91' title='bbox 1275 1663 1309 1731; x_wconf 82' lang='grc' dir='ltr'>δὲ</span> <span class='ocrx_word' id='word_1_92' title='bbox 1324 1670 1385 1748; x_wconf 84' lang='grc' dir='ltr'>τῆς</span> 
     </span>
     <span class='ocr_line' id='line_1_12' title="bbox 279 1767 445 1854; baseline 0 -21"><span class='ocrx_word' id='word_1_93' title='bbox 279 1767 445 1854; x_wconf 84' lang='grc' dir='ltr'>ὀξυτέρας.</span> 
     </span>
    </p>

    <p class='ocr_par' dir='ltr' id='par_1_5' title="bbox 278 1866 1384 2160">
     <span class='ocr_line' id='line_1_13' title="bbox 322 1866 1382 1955; baseline -0.001 -21"><span class='ocrx_word' id='word_1_94' title='bbox 322 1869 512 1954; x_wconf 83' lang='lat' dir='ltr'>Thrasyllus</span> <span class='ocrx_word' id='word_1_95' title='bbox 529 1866 616 1955; x_wconf 84' lang='lat' dir='ltr'>apud</span> <span class='ocrx_word' id='word_1_96' title='bbox 636 1867 799 1934; x_wconf 78' lang='lat' dir='ltr'>Thoonem</span> <span class='ocrx_word' id='word_1_97' title='bbox 817 1867 1041 1955; x_wconf 84' lang='lat' dir='ltr'>Smyrnaeum,</span> <span class='ocrx_word' id='word_1_98' title='bbox 1057 1869 1095 1934; x_wconf 70' lang='lat' dir='ltr'>de</span> <span class='ocrx_word' id='word_1_99' title='bbox 1111 1869 1241 1952; x_wconf 81' lang='lat' dir='ltr'>musiou,</span> <span class='ocrx_word' id='word_1_100' title='bbox 1259 1890 1285 1934; x_wconf 93' lang='lat' dir='ltr'>o.</span> <span class='ocrx_word' id='word_1_101' title='bbox 1303 1869 1334 1948; x_wconf 86' lang='lat'>3,</span> <span class='ocrx_word' id='word_1_102' title='bbox 1350 1890 1382 1954; x_wconf 89' lang='lat' dir='ltr'>p.</span> 
     </span>
     <span class='ocr_line' id='line_1_14' title="bbox 278 1966 1384 2058; baseline 0 -23"><span class='ocrx_word' id='word_1_103' title='bbox 278 1973 320 2037; x_wconf 82' lang='lat'>48</span> <span class='ocrx_word' id='word_1_104' title='bbox 332 1970 460 2036; x_wconf 86' lang='lat' dir='ltr'>Hiller:</span> <span class='ocrx_word' id='word_1_105' title='bbox 479 1969 649 2055; x_wconf 87' lang='grc' dir='ltr'>διάστημα</span> <span class='ocrx_word' id='word_1_106' title='bbox 664 1968 699 2036; x_wconf 87' lang='grc' dir='ltr'>δέ</span> <span class='ocrx_word' id='word_1_107' title='bbox 715 1975 819 2056; x_wconf 89' lang='grc' dir='ltr'>φησιν</span> <span class='ocrx_word' id='word_1_108' title='bbox 834 1969 918 2037; x_wconf 78' lang='grc' dir='ltr'>εἶναι</span> <span class='ocrx_word' id='word_1_109' title='bbox 933 1966 1090 2058; x_wconf 82' lang='grc' dir='ltr'>φθόγγων</span> <span class='ocrx_word' id='word_1_110' title='bbox 1105 1970 1165 2053; x_wconf 80' lang='grc' dir='ltr'>τὴν</span> <span class='ocrx_word' id='word_1_111' title='bbox 1179 1967 1264 2056; x_wconf 83' lang='grc' dir='ltr'>πρὸς</span> <span class='ocrx_word' id='word_1_112' title='bbox 1274 1968 1384 2052; x_wconf 84' lang='grc' dir='ltr'>ἀλλή-</span> 
     </span>
     <span class='ocr_line' id='line_1_15' title="bbox 278 2069 1384 2160; baseline -0.001 -22"><span class='ocrx_word' id='word_1_113' title='bbox 278 2082 358 2146; x_wconf 83' lang='grc' dir='ltr'>λους</span> <span class='ocrx_word' id='word_1_114' title='bbox 373 2072 474 2139; x_wconf 76' lang='grc' dir='ltr'>ποιὰν</span> <span class='ocrx_word' id='word_1_115' title='bbox 489 2071 622 2160; x_wconf 82' lang='grc' dir='ltr'>σχέσιν,</span> <span class='ocrx_word' id='word_1_116' title='bbox 634 2071 703 2138; x_wconf 80' lang='grc' dir='ltr'>οῖον</span> <span class='ocrx_word' id='word_1_117' title='bbox 718 2069 773 2137; x_wconf 74' lang='grc' dir='ltr'>διὰ</span> <span class='ocrx_word' id='word_1_118' title='bbox 788 2073 971 2159; x_wconf 86' lang='grc' dir='ltr'>τεσσάρων,</span> <span class='ocrx_word' id='word_1_119' title='bbox 987 2071 1042 2138; x_wconf 72' lang='grc' dir='ltr'>διὰ</span> <span class='ocrx_word' id='word_1_120' title='bbox 1057 2071 1166 2147; x_wconf 83' lang='grc' dir='ltr'>πέντε,</span> <span class='ocrx_word' id='word_1_121' title='bbox 1182 2069 1237 2138; x_wconf 73' lang='grc' dir='ltr'>διὰ</span> <span class='ocrx_word' id='word_1_122' title='bbox 1252 2073 1384 2138; x_wconf 81' lang='grc' dir='ltr'>πασῶν.</span> 
     </span>
    </p>

    <p class='ocr_par' dir='ltr' id='par_1_6' title="bbox 278 2171 1386 2464">
     <span class='ocr_line' id='line_1_16' title="bbox 323 2171 1384 2260; baseline -0.002 -21"><span class='ocrx_word' id='word_1_123' title='bbox 323 2174 486 2257; x_wconf 83' lang='lat' dir='ltr'>Plutarch,</span> <span class='ocrx_word' id='word_1_124' title='bbox 504 2174 542 2238; x_wconf 74' lang='lat' dir='ltr'>de</span> <span class='ocrx_word' id='word_1_125' title='bbox 560 2174 684 2238; x_wconf 81' lang='lat' dir='ltr'>animae</span> <span class='ocrx_word' id='word_1_126' title='bbox 696 2175 920 2260; x_wconf 68' lang='lat' dir='ltr'>procreatione,</span> <span class='ocrx_word' id='word_1_127' title='bbox 937 2174 1029 2258; x_wconf 80' lang='lat' dir='ltr'>xvii,</span> <span class='ocrx_word' id='word_1_128' title='bbox 1047 2175 1132 2240; x_wconf 83' lang='lat'>1020</span> <span class='ocrx_word' id='word_1_129' title='bbox 1148 2173 1198 2241; x_wconf 80' lang='lat' dir='ltr'>E:</span> <span class='ocrx_word' id='word_1_130' title='bbox 1226 2173 1300 2240; x_wconf 86' lang='grc' dir='ltr'>ἔστι</span> <span class='ocrx_word' id='word_1_131' title='bbox 1319 2171 1384 2260; x_wconf 79' lang='grc' dir='ltr'>γὰρ</span> 
     </span>
     <span class='ocr_line' id='line_1_17' title="bbox 278 2271 1386 2366; baseline -0.003 -23"><span class='ocrx_word' id='word_1_132' title='bbox 278 2275 447 2362; x_wconf 90' lang='grc' dir='ltr'>διάστημα</span> <span class='ocrx_word' id='word_1_133' title='bbox 458 2278 492 2342; x_wconf 88' lang='grc' dir='ltr'>έν</span> <span class='ocrx_word' id='word_1_134' title='bbox 502 2274 651 2364; x_wconf 72' lang='grc' dir='ltr'>μελῳδίᾳ</span> <span class='ocrx_word' id='word_1_135' title='bbox 665 2280 734 2342; x_wconf 83' lang='grc' dir='ltr'>πᾶν</span> <span class='ocrx_word' id='word_1_136' title='bbox 745 2273 783 2342; x_wconf 81' lang='grc' dir='ltr'>τὸ</span> <span class='ocrx_word' id='word_1_137' title='bbox 795 2272 1031 2366; x_wconf 85' lang='grc' dir='ltr'>περιεχόμενον</span> <span class='ocrx_word' id='word_1_138' title='bbox 1042 2274 1107 2342; x_wconf 80' lang='grc' dir='ltr'>ὑπὸ</span> <span class='ocrx_word' id='word_1_139' title='bbox 1123 2275 1213 2343; x_wconf 83' lang='grc' dir='ltr'>δυοῖν</span> <span class='ocrx_word' id='word_1_140' title='bbox 1228 2271 1386 2362; x_wconf 90' lang='grc' dir='ltr'>φθόγγων</span> 
     </span>
     <span class='ocr_line' id='line_1_18' title="bbox 278 2377 618 2464; baseline 0 -20"><span class='ocrx_word' id='word_1_141' title='bbox 278 2379 441 2463; x_wconf 81' lang='grc' dir='ltr'>ἀνομοίων</span> <span class='ocrx_word' id='word_1_142' title='bbox 455 2380 496 2464; x_wconf 82' lang='grc' dir='ltr'>τῇ</span> <span class='ocrx_word' id='word_1_143' title='bbox 511 2377 618 2444; x_wconf 85' lang='grc' dir='ltr'>τάσει.</span> 
     </span>
    </p>

    <p class='ocr_par' dir='ltr' id='par_1_7' title="bbox 278 2477 1384 2668">
     <span class='ocr_line' id='line_1_19' title="bbox 322 2477 1384 2566; baseline -0.003 -20"><span class='ocrx_word' id='word_1_144' title='bbox 322 2479 471 2566; x_wconf 90' lang='lat' dir='ltr'>Ptolemy</span> <span class='ocrx_word' id='word_1_145' title='bbox 482 2479 556 2546; x_wconf 85' lang='lat' dir='ltr'>does</span> <span class='ocrx_word' id='word_1_146' title='bbox 567 2487 624 2545; x_wconf 87' lang='lat' dir='ltr'>not</span> <span class='ocrx_word' id='word_1_147' title='bbox 637 2501 720 2545; x_wconf 88' lang='lat' dir='ltr'>seem</span> <span class='ocrx_word' id='word_1_148' title='bbox 736 2486 769 2546; x_wconf 83' lang='lat' dir='ltr'>to</span> <span class='ocrx_word' id='word_1_149' title='bbox 784 2480 859 2566; x_wconf 84' lang='lat' dir='ltr'>give</span> <span class='ocrx_word' id='word_1_150' title='bbox 869 2503 888 2545; x_wconf 88' lang='lat' dir='ltr'><strong>a</strong></span> <span class='ocrx_word' id='word_1_151' title='bbox 899 2479 1065 2546; x_wconf 86' lang='lat' dir='ltr'>definition</span> <span class='ocrx_word' id='word_1_152' title='bbox 1076 2479 1116 2547; x_wconf 86' lang='lat' dir='ltr'>of</span> <span class='ocrx_word' id='word_1_153' title='bbox 1126 2477 1264 2546; x_wconf 79' lang='lat' dir='ltr'>interval</span> <span class='ocrx_word' id='word_1_154' title='bbox 1276 2477 1384 2544; x_wconf 81' lang='lat' dir='ltr'>unless</span> 
     </span>
     <span class='ocr_line' id='line_1_20' title="bbox 278 2579 992 2668; baseline 0.001 -19"><span class='ocrx_word' id='word_1_155' title='bbox 278 2605 337 2649; x_wconf 86' lang='lat' dir='ltr'>one</span> <span class='ocrx_word' id='word_1_156' title='bbox 352 2583 379 2648; x_wconf 89' lang='lat' dir='ltr'>is</span> <span class='ocrx_word' id='word_1_157' title='bbox 394 2581 560 2648; x_wconf 79' lang='lat' dir='ltr'>contained</span> <span class='ocrx_word' id='word_1_158' title='bbox 576 2581 609 2646; x_wconf 92' lang='lat' dir='ltr'>in</span> <span class='ocrx_word' id='word_1_159' title='bbox 626 2580 680 2646; x_wconf 87' lang='lat' dir='ltr'>the</span> <span class='ocrx_word' id='word_1_160' title='bbox 695 2579 863 2668; x_wconf 88' lang='lat' dir='ltr'>following</span> <span class='ocrx_word' id='word_1_161' title='bbox 878 2581 992 2650; x_wconf 86' lang='lat' dir='ltr'>words.</span> 
     </span>
    </p>

    <p class='ocr_par' dir='ltr' id='par_1_8' title="bbox 278 2680 1385 2874">
     <span class='ocr_line' id='line_1_21' title="bbox 323 2680 1385 2770; baseline -0.002 -19"><span class='ocrx_word' id='word_1_162' title='bbox 323 2684 482 2770; x_wconf 81' lang='lat' dir='ltr'>Ptolemy,</span> <span class='ocrx_word' id='word_1_163' title='bbox 497 2683 627 2766; x_wconf 70' lang='lat' dir='ltr'>Horou„</span> <span class='ocrx_word' id='word_1_164' title='bbox 643 2702 668 2749; x_wconf 95' lang='lat'>1.</span> <span class='ocrx_word' id='word_1_165' title='bbox 683 2682 742 2767; x_wconf 67' lang='lat' dir='ltr'>iii„</span> <span class='ocrx_word' id='word_1_166' title='bbox 757 2707 788 2770; x_wconf 92' lang='lat' dir='ltr'>p.</span> <span class='ocrx_word' id='word_1_167' title='bbox 806 2684 825 2749; x_wconf 85' lang='lat'><strong>7</strong></span> <span class='ocrx_word' id='word_1_168' title='bbox 842 2683 979 2751; x_wconf 84' lang='lat' dir='ltr'>Wallis:</span> <span class='ocrx_word' id='word_1_169' title='bbox 1006 2684 1112 2751; x_wconf 79' lang='grc' dir='ltr'>ἔοικεν</span> <span class='ocrx_word' id='word_1_170' title='bbox 1126 2685 1147 2767; x_wconf 82' lang='grc' dir='ltr'>ἡ</span> <span class='ocrx_word' id='word_1_171' title='bbox 1164 2681 1251 2750; x_wconf 78' lang='grc' dir='ltr'>κατὰ</span> <span class='ocrx_word' id='word_1_172' title='bbox 1268 2680 1307 2750; x_wconf 84' lang='grc' dir='ltr'>τὸ</span> <span class='ocrx_word' id='word_1_173' title='bbox 1325 2681 1385 2766; x_wconf 78' lang='grc' dir='ltr'>ὀξύ</span> 
     </span>
     <span class='ocr_line' id='line_1_22' title="bbox 278 2781 1281 2874; baseline -0.001 -20"><span class='ocrx_word' id='word_1_174' title='bbox 278 2788 335 2854; x_wconf 81' lang='grc' dir='ltr'>καὶ</span> <span class='ocrx_word' id='word_1_175' title='bbox 349 2787 441 2874; x_wconf 86' lang='grc' dir='ltr'>βαρὺ</span> <span class='ocrx_word' id='word_1_176' title='bbox 456 2790 523 2853; x_wconf 83' lang='grc' dir='ltr'>τῶν</span> <span class='ocrx_word' id='word_1_177' title='bbox 536 2781 663 2874; x_wconf 72' lang='grc' dir='ltr'>ψόφων</span> <span class='ocrx_word' id='word_1_178' title='bbox 678 2783 822 2872; x_wconf 75' lang='grc' dir='ltr'>διαφορὰ</span> <span class='ocrx_word' id='word_1_179' title='bbox 836 2783 1025 2868; x_wconf 78' lang='grc' dir='ltr'>ποσότητος</span> <span class='ocrx_word' id='word_1_180' title='bbox 1039 2784 1124 2859; x_wconf 75' lang='grc' dir='ltr'>εἶδος</span> <span class='ocrx_word' id='word_1_181' title='bbox 1138 2785 1224 2852; x_wconf 78' lang='grc' dir='ltr'>εἷναί</span> <span class='ocrx_word' id='word_1_182' title='bbox 1236 2812 1281 2853; x_wconf 90' lang='grc' dir='ltr'>τι.</span> 
     </span>
    </p>

    <p class='ocr_par' dir='ltr' id='par_1_9' title="bbox 277 2887 1386 3484">
     <span class='ocr_line' id='line_1_23' title="bbox 322 2887 1383 2974; baseline -0.002 -20"><span class='ocrx_word' id='word_1_183' title='bbox 322 2889 440 2955; x_wconf 85' lang='lat' dir='ltr'>Aelian</span> <span class='ocrx_word' id='word_1_184' title='bbox 459 2888 494 2953; x_wconf 93' lang='lat' dir='ltr'>in</span> <span class='ocrx_word' id='word_1_185' title='bbox 516 2887 699 2974; x_wconf 85' lang='lat' dir='ltr'>Porphyry,</span> <span class='ocrx_word' id='word_1_186' title='bbox 718 2889 952 2954; x_wconf 78' lang='lat' dir='ltr'>eommouluriuu</span> <span class='ocrx_word' id='word_1_187' title='bbox 970 2889 1006 2954; x_wconf 84' lang='lat' dir='ltr'>io</span> <span class='ocrx_word' id='word_1_188' title='bbox 1026 2888 1244 2972; x_wconf 69' lang='lat' dir='ltr'>Ptolemaeum,</span> <span class='ocrx_word' id='word_1_189' title='bbox 1264 2910 1296 2974; x_wconf 95' lang='lat' dir='ltr'>p.</span> <span class='ocrx_word' id='word_1_190' title='bbox 1319 2887 1383 2952; x_wconf 91' lang='grc'>217</span> 
     </span>
     <span class='ocr_line' id='line_1_24' title="bbox 279 2986 1386 3077; baseline -0.004 -19"><span class='ocrx_word' id='word_1_191' title='bbox 279 2991 417 3058; x_wconf 81' lang='lat' dir='ltr'>Wnllis:</span> <span class='ocrx_word' id='word_1_192' title='bbox 462 2988 632 3075; x_wconf 78' lang='grc' dir='ltr'>συμφανὲς</span> <span class='ocrx_word' id='word_1_193' title='bbox 658 2987 709 3055; x_wconf 89' lang='grc' dir='ltr'>ὅτι</span> <span class='ocrx_word' id='word_1_194' title='bbox 739 2988 816 3074; x_wconf 81' lang='grc' dir='ltr'>ὀξὺς</span> <span class='ocrx_word' id='word_1_195' title='bbox 846 2986 993 3075; x_wconf 83' lang='grc' dir='ltr'>φθόγγος</span> <span class='ocrx_word' id='word_1_196' title='bbox 1018 2987 1086 3056; x_wconf 86' lang='grc' dir='ltr'>ἀπὸ</span> <span class='ocrx_word' id='word_1_197' title='bbox 1113 2995 1173 3058; x_wconf 81' lang='grc' dir='ltr'>τοῦ</span> <span class='ocrx_word' id='word_1_198' title='bbox 1196 2987 1386 3077; x_wconf 87' lang='grc' dir='ltr'>βαρυτέρου</span> 
     </span>
     <span class='ocr_line' id='line_1_25' title="bbox 278 3087 1386 3179; baseline -0.003 -19"><span class='ocrx_word' id='word_1_199' title='bbox 278 3093 446 3178; x_wconf 88' lang='grc' dir='ltr'>διάστημα</span> <span class='ocrx_word' id='word_1_200' title='bbox 463 3091 662 3176; x_wconf 84' lang='grc' dir='ltr'>ἀφέστηκεν·</span> <span class='ocrx_word' id='word_1_201' title='bbox 685 3091 781 3174; x_wconf 84' lang='grc' dir='ltr'>καὶὴ</span> <span class='ocrx_word' id='word_1_202' title='bbox 800 3090 943 3179; x_wconf 80' lang='grc' dir='ltr'>διαφορὰ</span> <span class='ocrx_word' id='word_1_203' title='bbox 963 3097 1023 3160; x_wconf 86' lang='grc' dir='ltr'>τοῦ</span> <span class='ocrx_word' id='word_1_204' title='bbox 1040 3091 1197 3179; x_wconf 83' lang='grc' dir='ltr'>ὀξυτέρου</span> <span class='ocrx_word' id='word_1_205' title='bbox 1214 3089 1307 3178; x_wconf 75' lang='grc' dir='ltr'>παρὰ</span> <span class='ocrx_word' id='word_1_206' title='bbox 1328 3087 1386 3157; x_wconf 81' lang='grc' dir='ltr'>τὸν</span> 
     </span>
     <span class='ocr_line' id='line_1_26' title="bbox 277 3189 1386 3282; baseline -0.003 -22"><span class='ocrx_word' id='word_1_207' title='bbox 277 3195 463 3282; x_wconf 86' lang='grc' dir='ltr'>βαρύτερον</span> <span class='ocrx_word' id='word_1_208' title='bbox 486 3189 644 3279; x_wconf 92' lang='grc' dir='ltr'>φθόγγον,</span> <span class='ocrx_word' id='word_1_209' title='bbox 666 3192 723 3259; x_wconf 81' lang='grc' dir='ltr'>καὶ</span> <span class='ocrx_word' id='word_1_210' title='bbox 746 3198 805 3261; x_wconf 87' lang='grc' dir='ltr'>τοῦ</span> <span class='ocrx_word' id='word_1_211' title='bbox 824 3191 1012 3280; x_wconf 78' lang='grc' dir='ltr'>βαρυτέρου</span> <span class='ocrx_word' id='word_1_212' title='bbox 1033 3191 1127 3281; x_wconf 75' lang='grc' dir='ltr'>παρὰ</span> <span class='ocrx_word' id='word_1_213' title='bbox 1149 3191 1208 3260; x_wconf 84' lang='grc' dir='ltr'>τὸν</span> <span class='ocrx_word' id='word_1_214' title='bbox 1230 3191 1386 3280; x_wconf 77' lang='grc' dir='ltr'>ὀξύτερον</span> 
     </span>
     <span class='ocr_line' id='line_1_27' title="bbox 278 3292 1385 3383; baseline -0.001 -22"><span class='ocrx_word' id='word_1_215' title='bbox 278 3301 432 3362; x_wconf 82' lang='grc' dir='ltr'>καλεῖται</span> <span class='ocrx_word' id='word_1_216' title='bbox 443 3294 621 3379; x_wconf 90' lang='grc' dir='ltr'>διάστημα.</span> <span class='ocrx_word' id='word_1_217' title='bbox 653 3294 697 3382; x_wconf 89' lang='lat' dir='ltr'>(p.</span> <span class='ocrx_word' id='word_1_218' title='bbox 712 3293 790 3383; x_wconf 83' lang='lat'>218)</span> <span class='ocrx_word' id='word_1_219' title='bbox 806 3294 862 3361; x_wconf 85' lang='grc' dir='ltr'>καὶ</span> <span class='ocrx_word' id='word_1_220' title='bbox 874 3294 977 3368; x_wconf 82' lang='grc' dir='ltr'>οὕτως</span> <span class='ocrx_word' id='word_1_221' title='bbox 992 3293 1136 3382; x_wconf 83' lang='grc' dir='ltr'>ὁρίζεται</span> <span class='ocrx_word' id='word_1_222' title='bbox 1151 3292 1189 3361; x_wconf 82' lang='grc' dir='ltr'>τὸ</span> <span class='ocrx_word' id='word_1_223' title='bbox 1205 3293 1385 3380; x_wconf 86' lang='grc' dir='ltr'>διάστημα·</span> 
     </span>
     <span class='ocr_line' id='line_1_28' title="bbox 277 3391 1303 3484; baseline 0 -20"><span class='ocrx_word' id='word_1_224' title='bbox 277 3397 367 3465; x_wconf 85' lang='grc' dir='ltr'>δυοῖν</span> <span class='ocrx_word' id='word_1_225' title='bbox 382 3391 540 3482; x_wconf 91' lang='grc' dir='ltr'>φθόγγων</span> <span class='ocrx_word' id='word_1_226' title='bbox 553 3396 716 3482; x_wconf 82' lang='grc' dir='ltr'>ἀνομοίων</span> <span class='ocrx_word' id='word_1_227' title='bbox 730 3395 866 3481; x_wconf 77' lang='grc' dir='ltr'>ὀξύτητι</span> <span class='ocrx_word' id='word_1_228' title='bbox 882 3397 939 3464; x_wconf 81' lang='grc' dir='ltr'>καὶ</span> <span class='ocrx_word' id='word_1_229' title='bbox 954 3396 1121 3484; x_wconf 81' lang='grc' dir='ltr'>βαρύτητι</span> <span class='ocrx_word' id='word_1_230' title='bbox 1136 3397 1303 3484; x_wconf 89' lang='grc' dir='ltr'>διαφέρον.</span> 
     </span>
    </p>

    <p class='ocr_par' dir='ltr' id='par_1_10' title="bbox 279 3497 1387 3787">
     <span class='ocr_line' id='line_1_29' title="bbox 322 3497 1385 3586; baseline -0.002 -20"><span class='ocrx_word' id='word_1_231' title='bbox 322 3498 545 3583; x_wconf 85' lang='lat' dir='ltr'>Nioomoohus,</span> <span class='ocrx_word' id='word_1_232' title='bbox 560 3498 753 3564; x_wconf 79' lang='lat' dir='ltr'>hurmonioeo</span> <span class='ocrx_word' id='word_1_233' title='bbox 765 3499 920 3584; x_wconf 76' lang='grc' dir='ltr'>οιααυαῑκ,</span> <span class='ocrx_word' id='word_1_234' title='bbox 936 3502 967 3584; x_wconf 84' lang='grc'>4,</span> <span class='ocrx_word' id='word_1_235' title='bbox 983 3523 1038 3586; x_wconf 93' lang='lat' dir='ltr'>pp.</span> <span class='ocrx_word' id='word_1_236' title='bbox 1056 3500 1086 3584; x_wconf 83' lang='lat'>7,</span> <span class='ocrx_word' id='word_1_237' title='bbox 1103 3503 1122 3566; x_wconf 92' lang='lat'>8</span> <span class='ocrx_word' id='word_1_238' title='bbox 1139 3499 1239 3565; x_wconf 89' lang='lat' dir='ltr'>Meib.</span> <span class='ocrx_word' id='word_1_239' title='bbox 1256 3497 1301 3586; x_wconf 91' lang='lat' dir='ltr'>(p.</span> <span class='ocrx_word' id='word_1_240' title='bbox 1319 3499 1385 3564; x_wconf 82' lang='lat'>243</span> 
     </span>
     <span class='ocr_line' id='line_1_30' title="bbox 279 3598 1387 3689; baseline -0.003 -21"><span class='ocrx_word' id='word_1_241' title='bbox 279 3601 366 3669; x_wconf 69' lang='grc' dir='ltr'>ΚΝ.</span> <span class='ocrx_word' id='word_1_242' title='bbox 373 3602 439 3689; x_wconf 86' lang='lat' dir='ltr'>J)</span> <span class='ocrx_word' id='word_1_243' title='bbox 458 3599 626 3686; x_wconf 87' lang='grc' dir='ltr'>διάστημα</span> <span class='ocrx_word' id='word_1_244' title='bbox 641 3599 676 3666; x_wconf 82' lang='grc' dir='ltr'>δὲ</span> <span class='ocrx_word' id='word_1_245' title='bbox 692 3598 768 3667; x_wconf 85' lang='grc' dir='ltr'>ὁδὸν</span> <span class='ocrx_word' id='word_1_246' title='bbox 782 3600 883 3668; x_wconf 74' lang='grc' dir='ltr'>ποιὰν</span> <span class='ocrx_word' id='word_1_247' title='bbox 897 3599 966 3668; x_wconf 84' lang='grc' dir='ltr'>ἀπὸ</span> <span class='ocrx_word' id='word_1_248' title='bbox 976 3601 1166 3689; x_wconf 89' lang='grc' dir='ltr'>βαρύτητος</span> <span class='ocrx_word' id='word_1_249' title='bbox 1181 3601 1226 3674; x_wconf 87' lang='grc' dir='ltr'>είς</span> <span class='ocrx_word' id='word_1_250' title='bbox 1241 3600 1387 3686; x_wconf 83' lang='grc' dir='ltr'>ὀξύτητα</span> 
     </span>
     <span class='ocr_line' id='line_1_31' title="bbox 279 3702 498 3787; baseline -0.005 -18"><span class='ocrx_word' id='word_1_251' title='bbox 279 3703 301 3787; x_wconf 79' lang='grc' dir='ltr'>ἢ</span> <span class='ocrx_word' id='word_1_252' title='bbox 316 3702 498 3770; x_wconf 81' lang='grc' dir='ltr'>ἀνάπαλιν.</span> 
     </span>
    </p>

    <p class='ocr_par' dir='ltr' id='par_1_11' title="bbox 280 3801 1386 3994">
     <span class='ocr_line' id='line_1_32' title="bbox 323 3801 1386 3892; baseline 0 -22"><span class='ocrx_word' id='word_1_253' title='bbox 323 3804 423 3888; x_wconf 70' lang='lat' dir='ltr'>Isiu,</span> <span class='ocrx_word' id='word_1_254' title='bbox 440 3805 492 3888; x_wconf 87' lang='grc'>12,</span> <span class='ocrx_word' id='word_1_255' title='bbox 511 3827 543 3890; x_wconf 89' lang='lat' dir='ltr'>p.</span> <span class='ocrx_word' id='word_1_256' title='bbox 560 3805 604 3868; x_wconf 89' lang='grc'>24</span> <span class='ocrx_word' id='word_1_257' title='bbox 618 3803 719 3870; x_wconf 90' lang='lat' dir='ltr'>Meib.</span> <span class='ocrx_word' id='word_1_258' title='bbox 738 3806 785 3890; x_wconf 92' lang='lat' dir='ltr'>(p.</span> <span class='ocrx_word' id='word_1_259' title='bbox 802 3806 863 3871; x_wconf 88' lang='grc'>261</span> <span class='ocrx_word' id='word_1_260' title='bbox 881 3804 928 3871; x_wconf 90' lang='lat' dir='ltr'>K.</span> <span class='ocrx_word' id='word_1_261' title='bbox 937 3805 1044 3892; x_wconf 80' lang='lat' dir='ltr'><strong>v.J.):</strong></span> <span class='ocrx_word' id='word_1_262' title='bbox 1076 3803 1245 3889; x_wconf 88' lang='grc' dir='ltr'>διάστημα</span> <span class='ocrx_word' id='word_1_263' title='bbox 1267 3801 1294 3870; x_wconf 87' lang='grc' dir='ltr'>δ’</span> <span class='ocrx_word' id='word_1_264' title='bbox 1310 3803 1386 3871; x_wconf 81' lang='grc' dir='ltr'>ἐστὶ</span> 
     </span>
     <span class='ocr_line' id='line_1_33' title="bbox 280 3901 750 3994; baseline 0.004 -24"><span class='ocrx_word' id='word_1_265' title='bbox 280 3904 369 3972; x_wconf 83' lang='grc' dir='ltr'>δυοῖν</span> <span class='ocrx_word' id='word_1_266' title='bbox 384 3901 542 3994; x_wconf 90' lang='grc' dir='ltr'>φθόγγων</span> <span class='ocrx_word' id='word_1_267' title='bbox 555 3904 750 3991; x_wconf 82' lang='grc' dir='ltr'>μεταξύτης.</span> 
     </span>
    </p>

    <p class='ocr_par' dir='ltr' id='par_1_12' title="bbox 280 4006 1386 4296">
     <span class='ocr_line' id='line_1_34' title="bbox 324 4006 1386 4096; baseline -0.002 -22"><span class='ocrx_word' id='word_1_268' title='bbox 324 4006 481 4074; x_wconf 83' lang='lat' dir='ltr'>Beoohius</span> <span class='ocrx_word' id='word_1_269' title='bbox 502 4006 623 4090; x_wconf 82' lang='lat' dir='ltr'>Senior,</span> <span class='ocrx_word' id='word_1_270' title='bbox 641 4007 839 4092; x_wconf 74' lang='lat' dir='ltr'>introductio,</span> <span class='ocrx_word' id='word_1_271' title='bbox 858 4031 889 4095; x_wconf 95' lang='lat' dir='ltr'>p.</span> <span class='ocrx_word' id='word_1_272' title='bbox 910 4010 930 4072; x_wconf 92' lang='grc'><strong>2</strong></span> <span class='ocrx_word' id='word_1_273' title='bbox 950 4007 1050 4074; x_wconf 90' lang='lat' dir='ltr'>Meib.</span> <span class='ocrx_word' id='word_1_274' title='bbox 1070 4006 1115 4096; x_wconf 91' lang='lat' dir='ltr'>(p.</span> <span class='ocrx_word' id='word_1_275' title='bbox 1136 4009 1200 4074; x_wconf 90' lang='grc'>292</span> <span class='ocrx_word' id='word_1_276' title='bbox 1218 4007 1266 4074; x_wconf 88' lang='lat' dir='ltr'>K.</span> <span class='ocrx_word' id='word_1_277' title='bbox 1274 4031 1305 4074; x_wconf 93' lang='lat' dir='ltr'>v.</span> <span class='ocrx_word' id='word_1_278' title='bbox 1315 4006 1338 4073; x_wconf 91' lang='lat' dir='ltr'><strong>J</strong></span> <span class='ocrx_word' id='word_1_279' title='bbox 1341 4008 1386 4094; x_wconf 85' lang='lat'>.):</span> 
     </span>
     <span class='ocr_line' id='line_1_35' title="bbox 280 4105 1386 4196; baseline 0.003 -23"><span class='ocrx_word' id='word_1_280' title='bbox 280 4108 460 4194; x_wconf 90' lang='grc' dir='ltr'>Διάστημα</span> <span class='ocrx_word' id='word_1_281' title='bbox 475 4108 509 4174; x_wconf 85' lang='grc' dir='ltr'>δὲ</span> <span class='ocrx_word' id='word_1_282' title='bbox 524 4108 559 4176; x_wconf 91' lang='grc' dir='ltr'>τί</span> <span class='ocrx_word' id='word_1_283' title='bbox 572 4111 646 4176; x_wconf 86' lang='grc' dir='ltr'>ε’στι</span> <span class='ocrx_word' id='word_1_284' title='bbox 656 4110 868 4196; x_wconf 82' lang='grc' dir='ltr'>,·-Διαφορά</span> <span class='ocrx_word' id='word_1_285' title='bbox 886 4109 944 4177; x_wconf 93' lang='grc' dir='ltr'>δύο</span> <span class='ocrx_word' id='word_1_286' title='bbox 963 4105 1119 4195; x_wconf 92' lang='grc' dir='ltr'>φθόγγων</span> <span class='ocrx_word' id='word_1_287' title='bbox 1133 4109 1296 4195; x_wconf 89' lang='grc' dir='ltr'>ἀνομοίων</span> <span class='ocrx_word' id='word_1_288' title='bbox 1311 4107 1386 4194; x_wconf 82' lang='grc' dir='ltr'>ἀξύ-</span> 
     </span>
     <span class='ocr_line' id='line_1_36' title="bbox 281 4209 621 4296; baseline 0.006 -22"><span class='ocrx_word' id='word_1_289' title='bbox 281 4235 356 4290; x_wconf 91' lang='grc' dir='ltr'>τητι</span> <span class='ocrx_word' id='word_1_290' title='bbox 372 4209 430 4276; x_wconf 82' lang='grc' dir='ltr'>καὶ</span> <span class='ocrx_word' id='word_1_291' title='bbox 444 4210 621 4296; x_wconf 87' lang='grc' dir='ltr'>βαρύτητι.</span> 
     </span>
    </p>
   </div>
   <div class='ocr_carea' id='block_1_3' title="bbox 1642 4119 1651 4277">
    <p class='ocr_par' dir='ltr' id='par_1_13' title="bbox 1642 4119 1651 4277">
     <span class='ocr_line' id='line_1_37' title="bbox 1642 4119 1651 4277; baseline 0 0"><span class='ocrx_word' id='word_1_292' title='bbox 1642 4119 1651 4277; x_wconf 81' lang='lat' dir='ltr'>l</span> 
     </span>
    </p>
   </div>
   <div class='ocr_carea' id='block_1_4' title="bbox 0 0 1672 5250">
    <p class='ocr_par' dir='ltr' id='par_1_14' title="bbox 0 0 1672 5250">
     <span class='ocr_line' id='line_1_38' title="bbox 0 0 1672 5250; baseline 0 0"><span class='ocrx_word' id='word_1_293' title='bbox 0 0 1672 5250; x_wconf 95' lang='lat' dir='ltr'> </span> 
     </span>
    </p>
   </div>
  </div>
 </body>
</html>
