3328 5250
311 731 491 816 Olconides,
506 732 704 817 introductio,
722 735 752 816 1,
768 757 801 820 p.
819 736 836 798 1
854 733 957 801 Meib.
974 733 1020 821 (p.
1037 735 1101 801 179
1117 733 1164 802 Κ.
1172 757 1204 801 v.
1211 732 1279 820 J)
1305 733 1374 801 διά-

267 859 380 918 στημα
395 833 430 900 δὲ
446 831 484 900 τὸ
500 830 735 924 περιεχόμενον
747 833 812 902 ὑπὸ
828 833 887 902 δύο
902 830 1060 921 φθόγγων
1070 835 1232 922 ἀνομοίων
1243 834 1378 920 ὀξύτητι

269 938 326 1002 καὶ
340 935 520 1022 βαρύτητι.

311 1036 410 1120 ibid„
429 1039 460 1120 2,
479 1061 512 1124 p.
532 1039 552 1103 2
571 1037 672 1104 Meib.
692 1036 737 1126 (p.
756 1041 820 1106 180
835 1037 1002 1124 K.v.J.):
1031 1037 1092 1110 τδς
1113 1038 1174 1123 μὲν
1196 1037 1253 1106 ούν
1274 1037 1378 1125 μονάς

267 1138 381 1212 τάσεις
404 1145 581 1226 καλοῦμεν,
604 1140 665 1212 τὰς
691 1139 726 1206 δὲ
751 1139 958 1226 μεταβάσεις
983 1139 1044 1213 τὰς
1069 1138 1138 1207 ἀπὸ
1164 1140 1294 1208 τάσεων
1320 1141 1378 1210 ἐπὶ

268 1240 382 1313 τάσεις
397 1239 622 1324 διαστήματα.

311 1341 522 1426 Gaudentius,
534 1342 675 1410 Ιιατυιου.
687 1343 814 1427 introd„
826 1347 858 1428 3,
874 1345 940 1431 p.4
955 1343 1056 1411 Meib.
1072 1343 1117 1430 (p.
1134 1347 1199 1412 329
1214 1344 1261 1412 K.
1269 1367 1301 1412 v.
1309 1344 1377 1434 J)

267 1441 435 1528 διάστημα
447 1442 482 1511 δέ
493 1446 567 1510 ε’στι
582 1443 621 1511 τὸ
634 1442 699 1512 ὑπὸ
711 1444 769 1514 δύο
785 1441 943 1533 φθόγγων
958 1442 1203 1534 περιεχόμενον.
1233 1448 1255 1530 ἡ
1267 1446 1378 1514 τοίνυν

267 1543 411 1634 διαφορὰ
429 1551 488 1613 τοῦ
507 1545 664 1633 ὀξυτέρου
682 1546 776 1634 παρὰ
794 1545 852 1613 τὸν
869 1547 1055 1634 βαρύτερον
1074 1543 1223 1633 φθόγγον
1242 1548 1299 1615 καὶ
1317 1553 1377 1618 τοῦ

266 1647 454 1734 βαρυτέρου
469 1647 562 1736 παρὰ
577 1647 635 1714 τὸν
650 1647 805 1736 ὀξύτερον
819 1647 945 1735 λέγοιτ’
955 1649 996 1716 ἀν
1012 1649 1191 1736 διάστημα.

310 1749 494 1835 Bryennius
505 1750 563 1816 has
574 1750 725 1816 collected
736 1774 755 1817 a
766 1761 856 1838 great
870 1751 1008 1818 number
1017 1751 1057 1818 of
1065 1751 1261 1838 definitione,
1271 1753 1376 1820 which

266 1850 307 1918 he
321 1861 462 1938 presente
478 1873 512 1916 as
527 1852 741 1920 alternatives.

310 1953 504 2039 Bryennius,
525 1954 638 2038 horn„
659 1973 684 2020 1.
704 1965 777 2022 sect.
794 1979 838 2040 v.,
858 1979 889 2043 p.
910 1959 972 2022 381
990 1955 1126 2023 Wnllis:
1149 1955 1187 2023 τὸ
1207 1955 1377 2044 διάστημα

265 2054 375 2122 τοίνυν
390 2055 493 2144 διχῶς
507 2055 655 2141 λέγεται·
677 2061 793 2130 κοινῶς
810 2058 866 2124 καὶ
883 2056 983 2130 ἰδίως.
1029 2059 1087 2125 καὶ
1104 2062 1220 2132 ιιοινῶς
1234 2059 1294 2144 μὲν
1309 2065 1378 2128 πᾶν

265 2155 401 2242 μέγεθος
416 2155 454 2222 τὸ
470 2153 535 2222 ὑπό
552 2184 649 2224 τινων
664 2157 818 2245 περάτων
833 2154 1031 2246 ὁριζόμενον.
1066 2158 1155 2232 ἰδίως
1167 2158 1202 2226 δὲ
1218 2159 1305 2227 κατὰ
1316 2161 1377 2242 τὴν

265 2258 429 2343 μουσικὴν
444 2257 525 2345 ὅπερ
542 2259 645 2332 οὕτως
661 2257 816 2346 ὁρίζεται,
833 2260 1003 2344 διάστημά
1021 2263 1094 2328 ἐστι
1108 2261 1246 2347 μέγεθος
1265 2269 1378 2348 φωνῆς

175 2441 180 2448 ⁵
267 2358 331 2426 ὑπὸ
342 2359 431 2426 δυοῖν
441 2355 598 2445 φθόγγων
609 2361 923 2449 περιγεγραμμένον·
936 2361 957 2445 ἢ
968 2361 1138 2448 διάστημά
1147 2365 1220 2430 ἐστι
1232 2365 1270 2430 τὸ
1282 2391 1374 2452 περι-

266 2457 423 2549 εχόμενον
435 2461 500 2528 ὑπὸ
512 2461 570 2528 δύο
583 2459 740 2548 φθόγγων
751 2463 913 2548 ἀνομοίων
924 2466 965 2550 τῇ
976 2464 1073 2530 τάσει
1084 2464 1159 2548 ἤτοι
1171 2465 1306 2550 ὀξύτητι
1318 2467 1376 2534 καὶ

265 2562 442 2650 βαρύτητι·
456 2563 477 2646 ἢ
488 2561 562 2635 ὁδὸς
573 2563 655 2629 ποιά
667 2562 735 2630 ἀπὸ
744 2563 935 2652 βαρύτητος
946 2565 992 2638 εἰς
1004 2565 1149 2650 ὀξύτητα
1160 2567 1375 2650 ἣάνάπαλιν·

266 2663 287 2746 ἢ
300 2663 469 2749 διάστημά
484 2667 558 2732 ἐστι
572 2663 611 2730 τὸ
628 2663 692 2732 ὑπὸ
709 2665 767 2733 δύο
779 2662 937 2752 φθόγγων
949 2667 1132 2754 ὡρισμένον
1141 2667 1187 2752 μὴ
1200 2667 1260 2750 τὴν
1272 2669 1376 2751 αὐτὴν

266 2762 411 2854 ἐχόντων
428 2765 537 2832 τάσιν·
561 2767 637 2850 ἤτοι
655 2766 800 2855 διαφορά
816 2795 867 2840 τις
885 2768 1014 2835 τάσεων
1032 2769 1090 2836 καὶ
1108 2767 1211 2842 τόπος
1226 2769 1376 2844 δεκτικὸς

266 2863 433 2952 φθόγγων,
445 2866 609 2955 ὀξυτέρων
618 2869 679 2953 μὲν
694 2875 752 2952 τῆς
766 2870 955 2956 βαρυτέρας
970 2874 1037 2937 τῶν
1053 2867 1234 2958 ὀριζουσῶν
1249 2869 1287 2938 τό
1303 2871 1372 2938 διά-

266 2994 379 3053 στημα
396 2968 535 3044 τάσεων,
553 2970 747 3057 βαρυτέρων
765 2969 800 3037 δὲ
818 2976 877 3054 τῆς
895 2971 1061 3058 ὀξυτέρας·
1085 2970 1229 3059 διαφορὰ
1248 2972 1283 3040 δέ
1301 2975 1375 3042 ε’στι

265 3069 394 3136 τάσεων
408 3067 446 3136 τὸ
457 3075 592 3154 μᾶλλον
608 3072 664 3138 καὶ
680 3072 780 3154 ἦττον
795 3073 967 3139 τετάσθαι·
984 3072 1006 3156 ἢ
1018 3071 1188 3157 διάστημά
1199 3077 1272 3142 ε’στι
1284 3074 1374 3143 δυοῖν

266 3167 423 3256 φθόγγων
437 3173 458 3254 ἡ
474 3170 557 3258 πρὸς
572 3172 747 3256 ἀλλήλους
762 3171 844 3240 ποιὰ
859 3173 991 3262 σχέσις.

310 3271 377 3338 For
390 3273 446 3338 the
459 3274 537 3340 sake
551 3273 590 3340 of
603 3274 754 3360 bringing
769 3283 825 3340 out
840 3297 927 3340 more
941 3275 1060 3363 clearly
1071 3277 1126 3342 the
1140 3277 1323 3346 differences
1338 3280 1373 3344 in

264 3373 319 3440 the
327 3373 510 3441 delinitione
522 3375 625 3442 which
636 3377 719 3442 have
725 3378 796 3463 just
807 3377 883 3442 been
894 3377 1022 3465 quoted,
1034 3403 1080 3445 we
1092 3403 1165 3465 may
1173 3404 1277 3468 group
1286 3381 1373 3448 them

263 3475 299 3540 in
325 3477 447 3544 classen.
496 3477 567 3543 The
590 3477 723 3544 musical
749 3479 888 3546 interval
915 3481 944 3546 is
967 3479 1092 3547 defined
1117 3482 1152 3547 in
1176 3506 1236 3548 one
1258 3483 1297 3550 of
1317 3483 1373 3550 thc

264 3576 432 3666 following
447 3602 614 3646 manners:

307 3678 355 3768 (1)
377 3704 397 3748 a
411 3682 529 3747 certain
540 3683 671 3747 relation
686 3683 824 3750 between
840 3691 905 3750 two
919 3685 1053 3752 musical
1068 3685 1188 3752 sounds
1201 3685 1372 3774 (Thrasyl-

262 3781 325 3866 lus,
341 3782 548 3872 Bryennius).

307 3883 355 3970 (2)
378 3887 571 3972 sdfflcroncc
585 3885 625 3952 of
633 3886 756 3972 pitches
773 3886 1009 3973 (Aristoxenus,
1025 3889 1241 3976 Bryennius);
1264 3913 1300 3956 or
1315 3891 1371 3957 the

262 3986 432 4054 difference
447 3989 585 4054 between
596 4013 637 4056 an
649 3999 740 4056 acute
754 3989 818 4055 and
833 4013 852 4056 a
866 4013 965 4078 grave
979 3991 1083 4058 sound
1098 4015 1136 4058 or
1150 3992 1290 4060 between
1306 4001 1371 4061 two

262 4089 380 4154 souuds
391 4099 448 4156 not
462 4090 501 4156 of
510 4091 660 4157 thesemo
672 4091 759 4178 pitch
771 4091 947 4180 (Ptolemy,
959 4093 1086 4178 Aelian,
1100 4095 1268 4180 Bacchius,
1281 4094 1371 4162 Gau-

262 4190 414 4281 (lentius).
