3328 5250
815 535 858 600 28

329 737 488 821 Ptolem,
502 759 538 802 as
555 758 604 802 we
625 735 708 802 have
729 757 801 800 seen
824 734 871 821 (p.
887 736 956 821 26),
970 733 1089 800 φθόνος
1110 731 1259 818 φθόγγος
1281 732 1315 798 in
1337 733 1393 800 the

285 841 390 907 words
404 838 547 925 (Ham,
562 858 588 904 1.
603 838 661 922 iv„
675 861 707 924 p.
724 841 744 902 9
760 837 911 924 wallis):
941 835 1089 921 φθόγγος
1108 834 1183 902 ἐστὶ
1199 833 1316 922 φόφος
1336 836 1395 901 ἕνα

286 942 345 1008 καὶ
359 939 417 1007 τὸν
431 938 532 1007 αὐτὸν
547 940 679 1028 ἐπέχων
692 937 799 1006 τόνον.

330 1043 554 1124 Nicomachus,
579 1041 771 1106 Ιιαηιιοιιίοω
795 1042 951 1124 τιοοιιοΙο,
973 1043 1006 1124 4,
1028 1063 1061 1127 p.
1085 1041 1105 1106 7
1129 1039 1230 1106 Meib.
1258 1041 1305 1126 (p.
1329 1041 1394 1104 242

286 1147 334 1212 Κ.
342 1171 373 1212 v.
379 1146 447 1232 J)
471 1144 620 1212 καθόλου
636 1145 702 1231 γάρ
721 1149 830 1229 φαμεν
843 1142 962 1229 ψόφον
975 1143 1037 1228 μὲν
1054 1141 1139 1209 εἶναι
1156 1144 1285 1226 πλῆξιν
1299 1140 1394 1226 ἀέρος

286 1248 457 1335 ἄθρυπτον
470 1248 573 1336 μέχρι
586 1248 699 1328 ἀκοῆς·
723 1241 874 1330 φθόγγον
891 1243 937 1320 δέ,
953 1251 1065 1331 φωνῆς
1080 1246 1241 1330 ἐμμελοῦς
1255 1245 1394 1327 ἀπλανῆ

287 1351 397 1417 τάσιν·
427 1350 528 1416 τάσιν
553 1347 588 1414 δὲ
613 1346 718 1432 μονήν
743 1373 820 1412 τινα
846 1347 904 1413 καὶ
930 1342 1120 1427 ταύτότητα
1146 1344 1234 1412 κατὰ
1258 1344 1396 1430 μέγεθος

287 1449 439 1537 φθόγγου
460 1449 677 1518 ἀδιαστάτου.
1519 1495 1524 1503 -

330 1553 431 1637 lbid„
454 1555 507 1637 12,
530 1576 562 1639 p.
586 1553 629 1616 24
649 1549 751 1617 Meib.
775 1550 821 1637 (p.
845 1552 908 1616 261
931 1549 979 1616 Κ.
997 1573 1030 1616 v.
1049 1549 1119 1638 J.):
1150 1545 1298 1636 φθόγγος
1320 1548 1396 1615 ἐστὶ

288 1656 382 1741 φωνὴ
399 1655 521 1741 ἄτομος
538 1654 608 1721 οἷον
624 1652 727 1737 μονάς
747 1651 821 1718 κατ’
836 1651 951 1735 ἀκοήν
971 1652 1015 1724 ῶς
1035 1650 1070 1718 δὲ
1091 1651 1125 1718 οἱ
1142 1650 1302 1738 νεώτεροι,
1323 1649 1394 1718 ἐπί-

287 1785 417 1830 πτωσις
434 1763 546 1843 φωνῆς
563 1756 621 1823 ἐπὶ
637 1754 717 1839 μίαν
734 1754 835 1821 τάσιν
855 1754 912 1820 καὶ
931 1754 1058 1838 ἁπλῆν.
1102 1753 1147 1826 ῶς
1164 1751 1192 1818 δ’
1204 1751 1300 1828 ἔνιοι·
1313 1753 1397 1841 ἦχος

287 1857 444 1940 ἀπλατῆς
459 1856 546 1922 κατὰ
560 1852 665 1923 τόπον
678 1854 892 1928 ἀδιάστατος.

333 1960 517 2047 Porphyry,
531 1960 566 2024 in
589 1959 640 2024 his
660 1970 878 2044 commenta-y
892 1980 934 2023 on
957 1956 1012 2023 the
1033 1957 1136 2024 above
1159 1979 1291 2044 pmge
1312 1956 1396 2022 from

289 2061 465 2148 Ptolemy’s
485 2061 688 2142 Ηαιπιοιιίοι,
706 2082 779 2146 says
800 2059 871 2126 that
892 2059 1043 2146 Ptolemy
1061 2059 1205 2147 changed
1227 2059 1283 2125 the
1304 2059 1395 2124 usual

288 2164 455 2230 definition
470 2163 510 2230 of
522 2160 679 2249 φθόγγος.

333 2266 517 2352 Porphyry‚
539 2287 644 2330 οοοιω.
666 2264 712 2328 ad
733 2265 829 2348 Ptol„
850 2287 878 2330 ο
901 2264 959 2347 iv.,
981 2287 1013 2350 p.
1038 2266 1103 2330 262
1126 2262 1266 2330 wallis:
1311 2261 1398 2328 Εἶτα

288 2366 494 2434 ἀποδίδωσιν
511 2366 587 2454 ὅρον
603 2372 664 2434 τοῦ
682 2362 842 2452 φθόγγου,
858 2362 1007 2453 φθόγγος
1026 2366 1091 2454 γάρ
1110 2369 1184 2434 ἐστι
1203 2363 1320 2453 Αφόφος
1339 2365 1398 2431 ἕνα

289 2469 347 2536 καὶ
368 2467 427 2536 τὸν
449 2467 549 2536 αὐτὸν
570 2467 702 2556 ἐπέχων
723 2463 829 2543 τόνον,
849 2465 945 2534 τόνου
961 2467 1022 2552 μὲν
1039 2467 1226 2553 λαμβάνων
1243 2466 1319 2534 ἀντὶ
1336 2472 1397 2550 τῆς

288 2572 417 2644 τάσεως
432 2571 583 2658 καθάπερ
598 2568 662 2653 ἤδη
678 2568 849 2658 κέχρηται,
864 2569 942 2643 τοὺς
956 2568 992 2636 δὲ
1010 2569 1208 2657 φερομένους
1225 2569 1320 2656 ὅρους
1337 2574 1398 2637 τοῦ

289 2669 441 2760 φθόγγου
463 2670 677 2758 μεταλαβών.
722 2671 879 2757 φέρονται
904 2669 970 2758 γὰρ
996 2672 1099 2740 αὐτοῦ
1124 2671 1196 2758 ὅροι
1221 2668 1315 2756 παρὰ
1336 2670 1398 2755 μὲν

289 2780 358 2848 τοῖς
383 2773 633 2861 Πυθαγορείοις,
657 2768 804 2859 φθόγγος
830 2772 905 2840 ἐστὶ
930 2769 1046 2860 ψόφος
1074 2771 1168 2860 παρὰ
1193 2773 1273 2857 μίαν
1298 2771 1399 2839 τάσιν

289 2873 516 2964 ἐκφερόμενος,
531 2874 624 2962 παρὰ
639 2874 675 2940 δὲ
689 2878 758 2946 τοῖς
768 2871 1025 2962 Ἀριστοξενόοις
1040 2870 1187 2962 φθόγγος
1198 2874 1273 2942 ἐστὶ
1288 2879 1399 2961 φωνῆς

290 2982 452 3065 ἐμμελοῦς
473 2981 603 3050 πτῶσις
625 2977 682 3044 ἐπὶ
699 2975 779 3061 μίαν
796 2976 906 3052 τάσιν,
925 2976 947 3060 ἢ
968 2976 1113 3062 ἐμμελὴς
1136 2981 1246 3060 φωνῆς
1267 2979 1399 3049 πτῶσις

290 3082 347 3149 ἐπὶ
358 3081 438 3166 μίαν
452 3080 562 3146 τάσιν.
593 3085 704 3163 φωνῆς
718 3077 778 3163 μὲν
793 3079 955 3163 ἐμμελοῦς
969 3079 1098 3166 εἴρηται
1113 3079 1250 3165 ἐπείπερ
1265 3079 1305 3144 οὐ
1319 3077 1398 3166 περὶ

290 3185 403 3264 πάσης
423 3187 535 3269 φωνῆς
555 3178 572 3246 ὁ
594 3177 706 3266 λόγος,
729 3181 824 3245 ἀλλά
844 3207 942 3256 τινος,
965 3180 1120 3247 τουτέστι
1142 3185 1202 3264 τῆς
1224 3182 1396 3265 ἐμμελοῦς.

290 3286 416 3369 ἐμμελῆ
447 3282 482 3349 δὲ
512 3281 624 3369 φωνὴν
654 3281 714 3363 τῆν
743 3281 848 3363 αὐτὴν
876 3285 917 3368 τῆ
947 3279 1193 3368 διαστηματικῇ
1218 3280 1397 3366 τιθέμενος.

289 3386 365 3452 ὅθεν
387 3385 522 3468 δυνάμει
543 3381 581 3450 τὸ
603 3382 782 3468 λεγόμενον
803 3382 863 3468 μέν
885 3385 960 3450 ἐστι
984 3389 1096 3469 φωνῆς
1122 3381 1395 3468 διασνημοτικῆς.

291 3485 536 3571 διαστηματικὴ
563 3484 598 3552 δὲ
622 3484 715 3572 φωνή
742 3487 835 3551 ἐστιν
859 3487 880 3568 ἡ
907 3483 990 3572 πρὸς
1012 3484 1114 3570 μέλος
1137 3483 1331 3567 ἐπιτήδειος,
1355 3485 1397 3568 ῆν

290 3588 550 3656 διαστέλλονται
571 3585 655 3674 πρὸς
677 3586 737 3669 τὴν
760 3585 847 3653 κατὰ
869 3585 929 3660 τῶς
955 3584 1088 3672 ὁμιλίας
1114 3587 1160 3660 εἰς
1186 3585 1246 3669 τὴν
1271 3592 1398 3676 χρῆσιν

290 3688 651 3776 παραλαμβανομένην,
667 3689 709 3772 ῆν
724 3695 851 3778 συνεχῆ
867 3716 903 3755 τε
919 3690 976 3756 καὶ
990 3689 1133 3774 λογικὴν
1151 3693 1267 3756 καλεῖν
1284 3689 1397 3755 εἴωθεν

291 3787 564 3879 ὁἈριστόξενος.
609 3794 740 3864 πτῶσις
762 3789 798 3856 δὲ
820 3789 875 3856 διὰ
897 3789 936 3858 τὸ
959 3791 1020 3874 τὴν
1041 3790 1102 3875 μὲν
1124 3797 1250 3879 συνεχῆ
1274 3790 1397 3858 ῶσανεὶ

290 3897 444 3962 ἑστῶσαν
466 3892 559 3970 εἶναι,
578 3892 639 3976 τὴν
660 3891 772 3978 μέντοι
795 3891 1060 3978 διαστηματικὴν
1081 3893 1142 3975 τὴν
1164 3888 1328 3980 ὀρθότητα
1349 3892 1396 3978 μὴ

290 3997 465 4079 σώζουσαν
480 3994 678 4070 κεκλᾶσθαι,
695 3995 752 4062 καὶ
769 3995 948 4084 μονονουχὶ
963 3994 1032 4061 ἀπὸ
1047 4001 1106 4063 τοῦ
1122 3994 1260 4062 ἑστάναι
1273 4000 1397 4062 πεσοῦ-

291 4126 365 4174 σαν,
381 4099 507 4183 ἐμμελῆ
522 4098 702 4182 γεγονέναι.
741 4094 792 4162 διὸ
808 4094 919 4162 καὶτὸ
934 4096 1036 4182 μέλος
1051 4092 1253 4163 ἀποδιδόασι
1271 4100 1397 4163 κλάσιν

291 4202 402 4284 φωνῆς
404 4249 545 4266 .....
569 4197 607 4265 τὸ
626 4197 653 4263 δ’
668 4199 726 4266 ἐπὶ
742 4197 823 4284 μίαν
844 4197 953 4274 τάσιν,
969 4200 1043 4266 ἐπεὶ
1065 4196 1178 4283 τὸμὲν
1200 4197 1281 4264 ὅλον
1294 4197 1397 4283 μέλος

292 4299 423 4373 πτῶσίς
437 4302 530 4368 ἐστιν
541 4301 598 4368 ἐπὶ
609 4299 743 4373 πολλός
754 4301 878 4376 τάσεις,
892 4300 949 4367 καὶ
960 4300 1127 4374 τοσαύτας
1142 4299 1225 4373 ὅσας
1239 4301 1274 4367 ἐν
1289 4300 1396 4389 ἐαυτῷ
