3328 5250
812 552 853 618 19

276 752 341 840 γὰρ
354 752 488 834 ἵστησιν
504 754 607 837 αὑτὴν
618 755 675 821 ἐπὶ
686 759 764 839 μιοῖς
776 755 913 830 τάσεως,
926 753 999 821 εἶτα
1013 754 1121 821 πάλιν
1132 753 1182 842 ἐφ’
1190 754 1312 842 ἑτέρας,
1326 754 1383 821 καὶ

276 861 374 922 τοῦτο
385 861 532 922 ποιοῦσα
544 855 828 944 συνεχῶς-λέγω
840 855 874 922 δὲ
887 860 1037 945 συνεχῶς
1049 855 1136 923 κατὰ
1148 854 1206 924 τὸν
1217 853 1384 946 χρόνον·

278 956 530 1039 ὖπερβαίνουσα
537 957 598 1041 μὲν
609 957 685 1030 τοὺς
695 957 948 1047 περιεχομένους
959 956 1023 1024 ὑπὸ
1036 961 1102 1024 τῶν
1112 957 1240 1024 τάσεων
1250 955 1383 1043 τόπους,

280 1059 438 1144 ἱσταμένη
460 1057 486 1124 δ’
503 1058 554 1126 ἐπ’
571 1061 680 1126 αύτῶν
701 1064 767 1126 τῶν
791 1060 929 1135 τάσεων,
950 1060 1007 1126 καὶ
1028 1060 1236 1146 φθεγγομένη
1260 1061 1384 1134 ταύτας

278 1157 376 1247 μόνον
397 1159 499 1234 αὐτὰς
517 1162 676 1248 μελῳδεῖν
693 1162 840 1247 λέγεται,
861 1161 917 1228 καὶ
937 1162 1100 1228 κινεῖσθαι
1119 1161 1384 1248 διαστηματικὴν

280 1263 419 1344 κίνησιν.
465 1263 542 1329 And
559 1264 684 1331 further
698 1288 749 1348 on,
766 1265 865 1348 Πάθη
882 1265 898 1342 ἐ
915 1265 967 1345 27,
983 1287 1015 1350 p.
1033 1269 1063 1348 9,
1071 1291 1092 1328 11
1111 1264 1234 1330 Meib.:
1265 1267 1384 1339 ἁπλῶς

277 1364 342 1452 γὰρ
358 1365 437 1432 ὅταν
450 1367 535 1433 οὕτω
547 1373 680 1450 κινῆται
691 1369 711 1449 ἡ
724 1366 828 1454 φωνή,
841 1366 928 1432 ὥστε
937 1365 1091 1451 μηδαμοῦ
1103 1365 1210 1434 δοκεῖν
1223 1366 1384 1434 ἵστασθαι

279 1470 319 1553 τῇ
333 1469 427 1553 ἀκοῇ,
444 1475 570 1557 συνεχῆ
585 1467 726 1554 λέγομεν
741 1467 865 1549 ταύτην
880 1467 940 1550 τὴν
956 1466 1096 1548 κίνησιν·
1116 1467 1196 1534 ὅταν
1212 1467 1246 1534 δὲ
1262 1468 1385 1552 στῆναί

279 1596 345 1636 που
357 1566 495 1654 δόξασα,
508 1570 580 1637 εἶτα
591 1571 697 1637 πάλιν
709 1569 895 1648 διαβαίνειν
907 1568 980 1636 τινὰ
992 1567 1097 1636 τόπον
1109 1569 1206 1656 φανῇ,
1217 1571 1274 1637 καὶ
1286 1577 1384 1638 τοῦτο

279 1671 464 1755 ποιήσασα,
484 1673 591 1739 πάλιν
609 1671 660 1760 ἐφ’
677 1671 788 1760 ἑτέρας
809 1672 937 1745 τάσεως
957 1679 1079 1756 στῆναι
1099 1667 1189 1758 δόξῃ,
1210 1672 1267 1739 καὶ
1287 1678 1385 1740 τοῦτο

280 1773 430 1858 ε’ναλλιὶξ
449 1780 556 1842 ποιεῖν
579 1774 760 1861 φαινομένη
782 1778 932 1864 συνεχῶς
953 1773 1099 1861 διατελῇ,
1121 1773 1386 1860 διαστηματικὴν

279 1875 339 1959 τὴν
354 1876 511 1958 τοιαύτην
527 1876 657 1958 κίνησιν
671 1874 836 1961 λέγομεν.1

323 1978 536 2044 Aristoxenus
557 1986 634 2045 next
650 1977 805 2044 identifies
820 1977 907 2044 these
921 1986 985 2044 two
1001 1977 1099 2043 kinds
1115 1977 1154 2044 of
1171 1979 1386 2046 voice-move-

281 2089 369 2148 ment
384 2081 463 2148 with
479 2081 533 2148 the
548 2082 677 2168 singing
691 2080 756 2147 and
771 2081 824 2147 the
838 2081 993 2167 speaking
1008 2082 1106 2148 voice.

323 2184 547 2267 Aristoxenus,
565 2184 696 2266 Herm„
719 2202 742 2250 Ι.
768 2185 784 2261 ἕ
804 2185 856 2267 28,
875 2207 907 2269 p.
929 2185 991 2267 9,ιι
1011 2183 1131 2249 Meib.:
1164 2183 1223 2266 τὴν
1245 2184 1306 2270 μὲν
1328 2185 1386 2252 οὖν

281 2293 417 2375 συνεχῆ,
432 2287 575 2371 λογικὴν
590 2285 674 2352 εἶναι’
689 2291 806 2372 φαμεν.
839 2284 1080 2370 διαλεγομένων
1091 2284 1155 2372 γὰρ
1168 2287 1270 2371 ἡμῶν,
1284 2287 1386 2360 οὕτως

280 2390 301 2471 ἡ
320 2388 411 2473 φωνὴ
429 2393 567 2454 κινεῖται
583 2386 669 2454 κατὰ
685 2383 799 2462 τόπον,
815 2386 902 2452 ὥστε
919 2386 1072 2471 μηδαμοῦ
1087 2385 1194 2454 δοκεῖν
1214 2387 1386 2456 ἵστασθαι.

282 2490 368 2557 κατά
386 2518 424 2576 γε
442 2489 502 2572 τὴν
520 2489 643 2576 ἑτέραν,
660 2489 701 2572 ἣν
720 2488 920 2574 ὀνομάζομεν
939 2487 1214 2574 διαστηματικήν,
1235 2491 1388 2563 ἐναντίως

280 2592 410 2680 πέφυκε
428 2591 612 2676 γίγνεσθαι.
644 2589 738 2657 άλλδ
756 2589 821 2679 γὰρ
841 2590 1004 2658 ἵστασθαί
1020 2616 1057 2656 τε
1075 2589 1173 2666 δοκεῖ,
1191 2590 1247 2657 καὶ
1266 2591 1388 2664 πάντες

280 2691 337 2760 τὸν
355 2700 453 2762 τοῦτο
469 2689 665 2778 φαινόμενον
683 2698 790 2767 ποιεῖν
806 2691 916 2758 οὐκέτι
934 2690 1046 2776 λέγειν
1062 2692 1177 2778 φασίν,
1194 2691 1273 2759 ἀλλ’
1286 2692 1385 2782 ᾄδειν·

281 2792 395 2883 διόπερ
409 2798 444 2863 ἐν
459 2798 506 2884 τῷ
518 2794 734 2878 διαλέγεσθαι
747 2793 910 2879 φεύγομεν
925 2791 962 2859 τὸ
979 2793 1117 2860 ἑστάναι
1129 2793 1278 2881 (ἱστάναι
1293 2795 1387 2882 libb.)

281 2897 341 2979 τὴν
353 2895 488 2984 φωνήν,2
504 2898 544 2963 ἂν
557 2895 603 2981 μὴ
620 2895 673 2963 διὰ
690 2896 797 2968 πάθος
812 2895 894 2962 ποτὲ
910 2895 955 2967 εἰς
971 2895 1127 2976 τοιαύτην
1143 2896 1274 2977 κίνησιν
1285 2899 1386 2982 ἀναγ-

282 3000 458 3085 κασθῶμεν
482 3000 601 3066 ἐλθεῖν·
626 3001 661 3065 ἐν
687 2998 722 3065 δὲ
745 3001 792 3086 τῷ
818 2997 977 3083 μελῳδεῖν
1000 2999 1192 3064 τούτάντιον
1218 3005 1386 3085 ποιοῦμεν.

281 3098 318 3167 τὸ
339 3101 399 3186 μὲν
420 3100 484 3188 γὰρ
508 3100 645 3189 συνεχὲς
668 3100 841 3187 φεύγομεν,
858 3097 895 3164 τὸ
917 3098 951 3165 δὲ
972 3099 1110 3166 ἑστάναι
1130 3100 1190 3182 τὴν
1211 3101 1323 3187 φωνὴν
1344 3104 1388 3174 ὡς

281 3203 434 3288 μάλιστα
448 3203 607 3288 διώκομεν
616 3229 623 3245 ·
632 3202 701 3289 ὅσῳ
716 3202 780 3288 γὰρ
795 3207 929 3285 μᾶλλον
941 3200 1086 3282 ἑκάστην
1103 3205 1167 3268 τῶν
1179 3206 1297 3288 φωνῶν
1308 3202 1387 3288 μίαν

281 3331 318 3370 τε
341 3304 398 3372 καὶ
416 3304 594 3386 ἑστηκυῖαν
614 3305 670 3371 καὶ
689 3303 749 3386 τὴν
769 3302 873 3385 αὐτὴν
893 3302 1087 3387 ποιήσομεν,
1106 3302 1255 3390 τοσούτῳ
1274 3305 1385 3388 φαίνε-

282 3432 337 3472 ται
349 3409 389 3492 τῇ
401 3406 559 3489 αἰσθήσει
573 3403 611 3471 τὸ
625 3405 727 3491 μέλος
738 3404 990 3491 ἀκριβέστερον.
1021 3403 1072 3470 ὅτι
1083 3404 1143 3489 μὲν
1156 3404 1213 3473 δύο
1226 3406 1388 3488 κινήσεων

281 3509 390 3574 οὐσῶν
403 3507 489 3574 κατὰ
505 3505 608 3574 τόπον
620 3513 678 3590 τῆς
691 3512 811 3593 φωνῆς,
823 3508 843 3588 ἡ
856 3506 916 3591 μὲν
928 3505 1071 3595 συνεχὴς
1082 3506 1206 3592 λογική
1223 3507 1273 3580 τίς
1285 3510 1387 3583 ἐστιν,

281 3611 301 3692 ἡ
318 3609 352 3676 δὲ
368 3608 613 3695 διαστηματικὴ
628 3607 808 3695 μελῳδική,
821 3605 943 3696 σχεδὸν
955 3607 1058 3691 δῆλον
1070 3611 1107 3675 ἐκ
1122 3612 1187 3675 τῶν
1200 3608 1386 3696 εἰρημένων.

326 3711 415 3777 Here
433 3711 510 3776 then
527 3711 586 3777 lies
604 3711 659 3776 the
675 3709 886 3797 justificetion
901 3709 951 3774 for
967 3710 1130 3797 attaching
1145 3710 1340 3797 importanee
1352 3720 1388 3778 ‘to

282 3814 336 3879 the
351 3813 472 3879 motion
487 3813 525 3878 of
536 3813 590 3879 the
606 3813 694 3880 voiee
711 3812 774 3878 and
791 3811 842 3878 for
856 3811 1028 3898 analyzing
1042 3812 1068 3876 ir
1083 3813 1116 3876 in
1132 3813 1187 3878 the
1198 3836 1270 3899 way
1282 3814 1386 3879 which

283 3915 495 3982 Aristoxenus
519 3915 604 3982 does,
653 3915 724 3981 The
748 3914 872 3982 Greeks
896 3936 976 3980 were
1000 3937 1078 3999 very
1102 3915 1253 3982 sensitiva
1276 3923 1310 3982 to
1333 3916 1388 3984 the

282 4018 419 4105 changes
437 4018 472 4082 in
489 4018 577 4104 piteh
597 4016 701 4084 whieh
719 4039 911 4104 aeoompany
926 4015 980 4081 the
998 4015 1118 4103 spoken
1136 4025 1287 4084 sentenee.
1325 4018 1388 4087 We

316 4337 374 4394 ¹0r.
386 4337 544 4405 Bryennius,
555 4353 600 4394 111.
611 4355 638 4406 p.
650 4337 812 4394 erswnha.
1013 4377 1014 4380 ,
1107 4337 1254 4408 ’Compara
1264 4355 1292 4407 p.
1303 4339 1356 4393 11².
