3328 5250
809 529 852 595 29

277 729 426 818 περιέχει
449 727 535 796 κατὰ
558 727 596 796 τὸ
619 728 786 814 σύστημα.
832 727 849 796 ὁ
865 728 900 796 δὲ
919 725 1075 816 φθόγγος,
1093 730 1127 796 ἐν
1142 757 1175 796 τι
1190 730 1288 818 μέρος
1306 733 1383 798 ἐλα-

276 857 397 921 χιστον
408 830 453 898 ῶν
464 837 523 899 τοῦ
534 831 665 917 μέλους,
676 832 713 915 ἐξ
723 829 870 916 ἀνάγκης
883 830 940 897 καὶ
952 831 1011 913 τὴν
1024 829 1074 915 ἐφ’
1082 830 1198 899 ἑαυτὸν
1210 832 1385 918 γενομένην

277 936 409 1000 πτῶσιν
426 931 505 1018 μίαν
524 932 595 1022 ἔχει
597 983 739 1000 .....
764 932 845 1018 ὅπερ
865 932 922 998 οῦν
941 932 1034 1018 παρὰ
1049 937 1117 1004 τοῖς
1128 932 1386 1021 Ἀριστοξενίοις

276 1033 433 1117 ἀπεδόθη,
449 1032 487 1101 τὸ
504 1034 587 1101 εἶναι
602 1032 660 1100 τὸν
675 1030 823 1120 φθόγγον
839 1037 950 1120 φωνῆς
968 1037 1129 1120 ἐμμελοῦς
1147 1039 1280 1102 πτῶσιν
1299 1036 1386 1103 κατὰ

276 1136 356 1221 μίαν
373 1137 472 1203 τάσιν
490 1136 720 1223 ἐκφερομένην,
739 1141 837 1204 τοῦτο
857 1135 1078 1221 μετείληπται
1098 1137 1144 1209 εἰς
1164 1134 1201 1204 τὸ
1225 1137 1309 1204 εἶναι
1329 1135 1386 1205 τὸν

278 1234 426 1324 φθόγγον
440 1233 559 1326 ψόφον
574 1238 632 1304 ἕνα
648 1237 704 1304 καὶ
720 1235 778 1304 τὸν
793 1235 894 1304 αὐτὸν
910 1237 1076 1326 ἐπέχοντα
1090 1234 1195 1306 τόνον.

321 1340 479 1406 Aristides
497 1339 732 1423 Quintilianus,
749 1341 786 1404 de
804 1339 932 1423 ηιιιοίοα,
948 1363 981 1426 p.
999 1342 1048 1424 9,2
1060 1339 1181 1406 Meib.:
1211 1345 1308 1408 πᾶσα
1325 1345 1386 1426 μὲν

277 1440 334 1508 οῦν
349 1442 444 1526 ἁπλῆ
460 1441 589 1523 κίνησις
604 1443 724 1528 φωνῆς,
737 1440 845 1514 τάσις.
876 1440 944 1523 ῆδέ
956 1444 1014 1524 τῆς
1028 1441 1224 1528 μελῳδιιιῆς,
1240 1441 1387 1529 φθόγγος

278 1541 367 1616 ἰδίως
383 1549 548 1610 καλεῖται.

320 1644 419 1730 Πιίά,
435 1669 466 1732 p.
484 1648 515 1730 9,
522 1671 562 1714 ιιι
585 1643 732 1732 φθόγγος
749 1645 810 1731 μέν
825 1645 882 1712 οῦν
898 1646 972 1713 ἐστι
987 1647 1097 1732 φωνῆς
1113 1647 1274 1732 ἐμμελοῦς
1288 1645 1385 1734 μέρος

277 1747 473 1835 ἐλάχιστον.

320 1848 488 1916 Cleonides
509 1848 799 1937 (Pseudo-Euclid)
819 1849 887 1916 also
907 1872 977 1916 uses
998 1849 1095 1923 τάσις
1115 1850 1150 1916 in
1170 1849 1225 1916 the
1245 1872 1332 1916 sense
1352 1850 1391 1917 of

276 1973 295 2016 a
315 1951 448 2018 musioel
468 1951 582 2019 sound.
620 1951 716 2017 After
733 1951 876 2039 defining
893 1951 947 2018 the
966 1951 1095 2033 κίνησις
1113 1958 1225 2039 φωνῆς
1242 1953 1385 2042 συνεχής

276 2052 340 2119 and
358 2053 604 2138 διαστηματιιιή
624 2055 658 2120 in
677 2055 732 2120 the
749 2077 835 2120 same
852 2063 951 2121 terms
968 2077 1004 2120 as
1019 2053 1243 2134 Aristoxenus,
1260 2055 1300 2120 he
1314 2077 1386 2140 says

277 2154 415 2243 (introd,
428 2157 459 2239 2,
471 2179 503 2242 ρ.
518 2158 537 2222 2
550 2155 651 2223 Meib.
665 2156 710 2244 (p.
725 2159 788 2223 180
801 2155 847 2223 Κ.
855 2179 888 2223 v.
896 2157 919 2223 J
921 2155 958 2245 ))
969 2156 1040 2222 that
1054 2156 1109 2222 the
1121 2165 1197 2222 rests
1210 2155 1339 2246 (μοναί)
1352 2157 1384 2222 in

277 2257 332 2324 the
351 2258 446 2324 latter
465 2258 588 2324 motion
606 2281 659 2325 are
673 2256 777 2324 oalled
793 2258 916 2334 τάσεις,
932 2257 996 2324 and
1010 2259 1185 2343 continues,
1203 2264 1385 2327 καλοῦνται

278 2359 313 2427 δέ
328 2360 366 2428 αἱ
379 2360 493 2434 τάσεις
510 2360 567 2427 καὶ
584 2355 738 2447 φθόγγοι.

321 2461 532 2547 Gaudentius,
545 2463 729 2528 Ιιαινιιοιιίοα
739 2463 937 2547 introductio,
949 2464 980 2545 2,
993 2486 1025 2550 p.
1041 2465 1062 2529 3
1078 2462 1180 2530 Meib.
1196 2461 1240 2550 (p.
1258 2465 1321 2529 329
1337 2464 1385 2532 Κ.

279 2665 313 2733 δέ
330 2667 413 2752 μονῆ
433 2667 490 2734 καὶ
508 2667 630 2739 στάσις
645 2671 703 2750 τῆς
722 2672 842 2753 φωνῆς.
881 2666 962 2734 ὅταν
979 2667 1036 2733 οῦν
1053 2668 1073 2749 ἡ
1093 2665 1184 2752 φωνῆ
1204 2666 1290 2733 κατὰ
1306 2666 1387 2752 μίαν

278 2768 377 2835 τάσιν
392 2767 531 2834 ἑστάναι
542 2763 632 2854 δόξῃ,
645 2763 721 2834 τότε
736 2768 845 2854 φαμὲν
860 2763 1010 2854 φθόγγον
1025 2767 1181 2850 εἶναιτὴν
1193 2766 1305 2854 φωνῆν
1317 2768 1386 2836 οἷον

279 2869 325 2943 είς
339 2869 441 2956 μέλος
457 2869 649 2936 τάττεσθαι.

321 2970 416 3038 Some
437 2971 476 3038 of
492 2971 546 3037 the
568 2970 699 3037 authors
721 2971 760 3036 of
776 2972 918 3038 treatises
941 2971 1064 3057 modify
1085 2972 1140 3037 the
1161 2970 1328 3038 definition
1352 2972 1386 3039 oi

280 3073 492 3139 Aristoxenus
522 3073 565 3158 by
591 3072 713 3160 adding
739 3073 894 3158 ἐμμελής,
921 3095 955 3139 as
985 3073 1158 3160 Porphyry
1185 3072 1248 3160 (see
1276 3074 1385 3156 above,

277 3198 310 3262 p.
328 3174 385 3262 28)
402 3183 525 3262 reporta
545 3174 600 3240 the
617 3175 867 3242 Aristoxeneans
888 3183 922 3240 to
944 3174 1026 3242 have
1047 3175 1139 3242 done.

321 3277 613 3362 Baoohiusuorrod.
630 3278 709 3342 ανίῶ
725 3299 814 3361 mus,
831 3297 855 3344 1.
871 3280 902 3361 4,
918 3300 972 3365 pp.
992 3282 1021 3360 1,
1038 3280 1058 3342 2
1077 3277 1178 3344 Meib.
1195 3276 1240 3365 (p.
1257 3280 1321 3345 292
1337 3279 1384 3347 K.

278 3403 311 3446 v.
326 3379 374 3469 J)
386 3405 394 3446 ι
417 3375 571 3465 Φθόγγος
584 3379 618 3446 δὲ
631 3375 779 3446 καθόλου
791 3379 825 3446 τί
835 3381 908 3447 ε’στι
920 3408 931 3457 ,·
955 3383 1071 3462 Φωνῆς
1083 3382 1244 3466 ἐμμελοῦς
1256 3385 1386 3454 πτῶσις

277 3481 334 3548 ἐπὶ
355 3481 435 3568 μίαν
457 3481 566 3548 τάσιν.
605 3481 664 3564 μία
687 3479 751 3566 γὰρ
774 3480 872 3554 τάσις
895 3483 929 3548 έν
952 3484 1044 3568 φωνῇ
1064 3481 1235 3568 ληφθεῖσα
1257 3483 1384 3568 ἐμμελῆ

278 3582 428 3670 φθόγγον
442 3585 612 3650 ἀποτελεῖ.

321 3683 728 3774 Cleonides(Ps.-Euolid),
737 3686 864 3770 iutrod,
873 3689 902 3752 1.
913 3708 945 3773 p.
957 3689 973 3751 1
987 3685 1087 3752 Meib.
1096 3685 1141 3772 (p.
1151 3686 1190 3752 17
1194 3689 1213 3752 9
1224 3687 1270 3752 K.
1278 3709 1310 3753 v.
1321 3686 1383 3774 J)

277 3786 423 3874 φθόγγος
438 3787 498 3873 μὲν
514 3787 571 3854 οὖν
587 3789 660 3854 ἐστι
676 3793 787 3874 φωνῆς
802 3791 932 3861 πτῶσις
948 3787 1091 3873 ἐμμελὴς
1107 3787 1164 3855 ἐπὶ
1179 3788 1259 3873 μίαν
1273 3788 1384 3855 τάσιν.

320 3889 512 3976 Bryennius,
533 3888 645 3974 dorm,
668 3909 693 3956 1.
717 3889 774 3974 iv,
796 3913 827 3976 p.
851 3892 944 3974 377st
965 3889 1101 3958 Wallis:
1133 3887 1287 3975 Φθόγγος
1310 3889 1385 3956 ἐστὶ

275 3997 386 4078 φωνῆς
403 3995 534 4064 πτῶσις
549 3991 693 4078 ἐμμελὴς
708 3991 764 4058 ἐπὶ
779 3991 859 4076 μίαν
874 3990 983 4067 τάσιν,
999 3991 1075 4073 ἤτοι
1090 3990 1182 4076 φωνῆ
1199 3989 1382 4078 διαστημα-

280 4092 368 4177 τιιιή.

319 4195 389 4262 The
410 4194 554 4262 addition
577 4195 616 4262 of
633 4195 687 4261 the
709 4195 796 4261 word
816 4193 962 4280 ἐμμελής
983 4194 1162 4261 introduoes
1181 4217 1224 4261 an
1246 4194 1383 4262 element

276 4297 381 4365 which
404 4297 480 4365 does
503 4305 561 4364 not
584 4295 686 4384 really
704 4297 822 4384 belong
845 4305 880 4363 to
904 4295 958 4362 the
984 4297 1094 4364 notion
1117 4297 1156 4364 of
1175 4297 1229 4364 the
1250 4298 1384 4364 musioal
