3328 5250
840 569 860 633 9

338 763 391 831 Id.
408 764 446 844 ἀι
462 762 590 852 planitie
604 765 869 855 pbilosophorum,
885 781 936 835 Ν.
953 766 1035 854 xix„
1052 763 1130 852 περὶ
1146 770 1266 852 φωνῆς,
1283 765 1347 832 902
1362 763 1403 848 B,

293 887 358 954 sq.:
387 865 535 934 Πλάτων
550 867 610 948 τὴν
628 867 740 955 φωνὴν
759 866 913 956 ὁρίζεται,
930 873 1062 954 πνεῦμα
1076 866 1132 934 διά
1150 863 1317 952 στόματος
1334 861 1403 932 ἀπὸ

294 965 440 1041 διανοίας
457 968 608 1054 ἠγμένον,
628 970 685 1037 καὶ
706 969 842 1056 πληγὴν
861 967 926 1036 ὑπὸ
945 969 1040 1057 ἀέρος
1063 967 1104 1035 δι’
1120 967 1212 1035 ὤτων
1233 972 1290 1035 καὶ
1311 969 1402 1052 ἐγκε-

294 1068 407 1156 φάλου
426 1069 484 1136 καὶ
502 1069 642 1156 αἵματος
658 1071 760 1160 μέχρι
780 1077 901 1161 ψυχῆς
922 1069 1158 1156 διαδιδομένην.
1195 1068 1403 1155 Ἐπίκουρος,

293 1169 354 1252 τὴν
369 1171 481 1257 φωνὴν
499 1171 583 1239 εἶναι
597 1175 703 1261 ῥεῦμα
722 1169 972 1258 ἐκπεμπόμενον
990 1170 1059 1239 ἀπὸ
1077 1175 1145 1239 τῶν
1160 1171 1365 1258 φωνούντων,
1380 1169 1403 1254 ἢ

292 1271 507 1359 ἠχούντων,ἢ
522 1274 736 1361 ψοφούντων·
753 1280 852 1342 τοῦτο
868 1273 903 1341 δὲ
919 1272 956 1341 τὸ
970 1276 1076 1363 ῥεῦμα
1091 1274 1136 1346 εἰς
1153 1271 1404 1361 ὁμοιοσχήμονα

294 1372 502 1460 θρύπτεσθαι
517 1375 727 1463 θραύσματα.
758 1373 978 1464 Δημόκριτος,
995 1375 1052 1442 καὶ
1067 1373 1125 1442 τὸν
1140 1374 1223 1462 ἀέρα
1238 1374 1343 1462 φησὶν
1358 1373 1404 1446 είς

293 1471 544 1564 ὁμοιοσχήμονα
565 1477 774 1561 θρύπτεσθαι
793 1476 934 1562 σώματα
958 1527 966 1545 .
991 1527 1000 1545 .
1026 1527 1033 1544 .
1060 1527 1067 1545 .
1093 1477 1150 1544 καὶ
1174 1473 1402 1543 συνκαλινδεΐ-

294 1575 376 1642 σθαι
391 1582 459 1650 τοῖς
475 1580 513 1644 ἐκ
526 1584 586 1662 τῆς
602 1583 714 1664 φωνῆς
730 1577 937 1666 θραύσμασι.

338 1678 438 1762 loiri„
463 1702 532 1765 xx„
558 1680 588 1746 εἰ
613 1679 790 1764 ἀσώματος
812 1681 833 1762 ἡ
857 1680 961 1767 φωνή,
986 1681 1043 1748 καὶ
1067 1684 1141 1753 πῶς
1166 1677 1240 1769 ἠχὼ
1265 1679 1403 1764 γίνεται,

295 1781 360 1846 902
382 1780 423 1865 F,
445 1803 509 1867 sq.:
540 1777 751 1868 Πυθαγόρας,
775 1781 933 1857 Πλάτων,
951 1780 1191 1869 Ἀριστοτέλης
1213 1780 1403 1866 ἀσώματον·

296 1882 333 1948 ού
353 1881 419 1969 «γὰρ
440 1880 498 1949 τὸν
517 1882 601 1968 ἀέρα
620 1881 714 1950 ἀλλά
735 1880 773 1949 τὸ
794 1890 915 1972 σχῆμα
932 1881 970 1950 τὸ
989 1884 1066 1971 περὶ
1086 1881 1144 1950 τόν
1163 1882 1246 1971 ἀέρα
1266 1881 1323 1948 καὶ
1344 1880 1405 1963 τὴν

294 1984 491 2070 ἐπιφάνειαν
514 1983 601 2051 κατά
626 1983 727 2050 ποιάν
754 1987 881 2068 πλῆξιν
905 1985 1058 2071 γίνεσθαι
1080 1985 1203 2072 φωνήν.
1248 1989 1346 2051 πᾶσα
1368 1981 1404 2048 δὲ

294 2085 473 2171 ἐπιφάνεια
487 2085 674 2171 ἀσώματος.
700 2135 707 2152 .
729 2137 736 2153 .
758 2137 766 2153 .
788 2137 795 2154 .
821 2086 854 2153 οἱ
869 2085 904 2153 δὲ
922 2085 1074 2163 Στωϊκοί,
1091 2090 1190 2172 σῶμα
1203 2085 1264 2169 τὴν
1280 2084 1403 2171 φωνήν.

338 2186 499 2274 Ptolemy‚
518 2187 648 2272 Harrn„
671 2207 696 2254 1.
714 2188 772 2272 iii.,
791 2211 824 2275 p.
844 2192 863 2254 6
882 2188 1017 2256 Wallisr
1048 2188 1146 2260 τάσις
1168 2188 1233 2275 γάρ
1257 2186 1307 2259 τίς
1330 2188 1404 2253 ἐστι

295 2288 438 2376 συνεχὴς
453 2295 512 2356 τοῦ
527 2289 632 2376 ἀέρος,
647 2287 663 2355 ό
679 2285 805 2377 ψόφος,
821 2289 889 2356 ἀπὸ
906 2296 965 2358 τοῦ
980 2295 1049 2363 τοῖς
1064 2289 1124 2363 τάς
1138 2288 1274 2375 πληγὰς
1288 2293 1402 2356 ποιοῦ·

294 2415 350 2456 σιν
365 2389 741 2476 ἐμπεριλαμβανομένου
756 2390 920 2474 διήκουσα
934 2390 1019 2479 πρὸς
1034 2390 1092 2459 τόν
1107 2387 1212 2464 ἐκτός.

338 2491 434 2576 Ιάίά.,
450 2493 484 2576 ἰ.,
500 2515 532 2580 p.
551 2495 589 2559 lr
620 2488 736 2580 ψόφος
752 2492 787 2559 δὲ
803 2492 910 2566 πάθος
926 2495 1115 2561 ἀκουστῶν.

336 2593 395 2660 See
410 2603 463 2661 too
478 2594 669 2680 Bryennius,
684 2613 708 2660 1.
724 2603 798 2662 seni.
814 2596 870 2678 iv.‚
886 2619 919 2683 p.
936 2597 1000 2662 377
1020 2595 1149 2664 Wallis.

338 2696 401 2763 We
423 2695 505 2763 have
525 2696 655 2783 already
673 2697 798 2763 notined
821 2695 867 2784 (p.
887 2697 922 2784 3)
944 2698 1015 2764 that
1038 2697 1171 2764 musical
1191 2695 1309 2763 sounds
1328 2717 1403 2782 may

292 2797 389 2865 differ
410 2798 493 2865 from
512 2821 573 2865 one
590 2798 722 2864 another
738 2799 773 2864 in
791 2822 811 2865 a
829 2799 966 2865 number
981 2799 1021 2866 of
1038 2822 1136 2886 ways,
1182 2799 1299 2864 Before
1313 2819 1403 2884 pass·

294 2899 352 2988 ing
367 2923 410 2966 on
425 2909 458 2967 to
473 2901 617 2966 consider
631 2900 686 2966 the
700 2900 884 2967 definitione
899 2902 938 2967 of
949 2901 1004 2968 the
1019 2901 1152 2968 musical
1167 2901 1280 2983 sound,
1292 2901 1319 2966 it
1335 2898 1404 2966 will

294 3011 351 3068 not
372 3003 412 3069 be
426 3011 484 3069 out
499 3003 538 3069 of
555 3003 644 3090 plane
658 3010 692 3068 to
707 3003 803 3070 dwell
819 3026 838 3068 e
853 3013 995 3070 moment
1009 3027 1051 3070 on
1066 3004 1120 3070 the
1134 3003 1355 3070 elnesifioetion
1370 3001 1409 3068 of

294 3105 413 3171 eounde
429 3106 462 3169 in
477 3105 616 3192 general.

338 3206 410 3273 One
420 3207 459 3273 of
469 3207 523 3272 the
535 3215 618 3273 most
628 3207 758 3274 evident
772 3207 944 3295 principles
956 3208 990 3272 in
1002 3206 1191 3274 nooordenoe
1203 3207 1283 3276 with
1296 3206 1402 3274 which

293 3309 411 3376 sounds
426 3332 500 3396 may
515 3310 554 3375 be
568 3307 723 3376 elassified
741 3311 768 3376 is
785 3309 856 3376 that
871 3310 976 3377 which
991 3310 1221 3398 distinguishes
1235 3310 1403 3376 articulate

294 3411 359 3476 and
374 3411 574 3477 inarticulete
589 3411 718 3478 sonnds.

339 3513 495 3580 Aristotle
511 3512 628 3580 defines
645 3513 811 3580 articulate
828 3513 933 3580 sonnd
955 3514 1079 3603 (φωνή)
1101 3515 1137 3580 in
1159 3514 1214 3581 the
1236 3513 1404 3601 following

294 3638 503 3802 paelraigsetblle
526 3718 564 3782 de
586 3719 704 3803 anima,
728 3722 810 3804 118,
833 3723 863 3804 9,
884 3743 917 3806 p.
940 3722 1006 3786 420
1025 3720 1046 3786 b
1068 3718 1113 3807 (p.
1136 3724 1155 3787 6
1179 3719 1227 3786 K.
1249 3742 1280 3785 ν.
1303 3717 1403 3806 Jan):

292 3819 371 3906 περὶ
387 3819 448 3906 μὲν
466 3818 523 3886 οὖν
537 3815 657 3907 ψόφου
675 3819 779 3907 ταύτῃ
799 3820 976 3908 διωρίσθω·
996 3823 1016 3904 ἡ
1041 3820 1075 3887 δὲ
1099 3821 1191 3908 φωνὴ
1214 3817 1330 3909 ψόφος
1353 3819 1404 3894 τίς

293 3922 386 3988 ε’στιν
408 3920 578 4010 ἐμψύχου·
602 3920 756 4008 τῶνγὰρ
782 3922 931 4011 ἀψύχων
958 3923 1054 3989 οὐθὲν
1077 3927 1187 4010 φωνεῖ,
1211 3921 1304 3989 ἀλλά
1328 3920 1403 3989 καθ

292 4018 472 4108 ὁμοιότητα
486 4022 623 4106 λέγεται
635 4028 763 4110 φωνεῖν,
777 4023 846 4088 οίον
861 4021 965 4096 αὐλὸς
981 4024 1038 4091 καὶ
1053 4023 1143 4111 λύρα
1159 4025 1216 4092 καὶ
1232 4024 1298 4091 ὅσα
1309 4023 1403 4092 ἀλλα

291 4128 358 4191 τῶν
373 4124 522 4213 ἀψύχων
537 4119 722 4190 ἀπότασιν1
735 4125 807 4215 ἔχει
823 4125 880 4192 καὶ
894 4125 996 4210 μέλος
1012 4126 1069 4193 καὶ
1086 4125 1272 4194 διάλεκτον.

325 4339 475 4397 strowe.
496 4341 533 4395 Κ.
542 4360 567 4396 v.
575 4341 596 4396 J
596 4359 638 4408 en,
648 4342 716 4396 Μαι.
728 4343 781 4396 Ser.
791 4342 845 4410 Gr„
858 4360 884 4410 p.
893 4344 917 4411 6,
929 4342 1065 4411 explains:
1083 4343 1220 4413 probabile
1231 4351 1271 4398 ert
1282 4345 1404 4398 ἀπίωσιν

292 4429 421 4491 tanquam
431 4439 514 4491 genus
525 4423 665 4491 complecti
678 4424 791 4476 ἐπίτασιν
802 4431 830 4478 ει
841 4426 935 4479 ἄνεσιν.
969 4425 1019 4478 See
1030 4423 1122 4492 below,
1134 4443 1161 4493 p.
1174 4427 1215 4480 16.
